price,quantity,type,timestamp
47189000,0.0401,0,2023-11-08 23:11:30
47188000,0.0831,0,2023-11-08 23:11:30
47187000,0.0834,0,2023-11-08 23:11:30
47186000,0.0061,0,2023-11-08 23:11:30
47185000,0.0875,0,2023-11-08 23:11:30
47198000,1.2292,1,2023-11-08 23:11:30
47199000,0.0003,1,2023-11-08 23:11:30
47200000,0.0008,1,2023-11-08 23:11:30
47201000,0.0003,1,2023-11-08 23:11:30
47202000,0.7723,1,2023-11-08 23:11:30
47188000,0.0484,0,2023-11-08 23:11:34
47187000,0.0003,0,2023-11-08 23:11:34
47186000,0.0418,0,2023-11-08 23:11:34
47185000,0.0875,0,2023-11-08 23:11:34
47184000,0.0043,0,2023-11-08 23:11:34
47198000,1.2292,1,2023-11-08 23:11:34
47199000,0.0003,1,2023-11-08 23:11:34
47200000,0.0008,1,2023-11-08 23:11:34
47201000,0.0865,1,2023-11-08 23:11:34
47202000,0.7723,1,2023-11-08 23:11:34
47188000,0.0415,0,2023-11-08 23:11:38
47187000,0.0725,0,2023-11-08 23:11:38
47186000,0.0002,0,2023-11-08 23:11:38
47185000,0.0845,0,2023-11-08 23:11:38
47184000,0.0043,0,2023-11-08 23:11:38
47198000,1.2927,1,2023-11-08 23:11:38
47199000,0.0003,1,2023-11-08 23:11:38
47200000,0.0008,1,2023-11-08 23:11:38
47201000,0.0865,1,2023-11-08 23:11:38
47202000,0.7723,1,2023-11-08 23:11:38
47187000,0.0415,0,2023-11-08 23:11:41
47186000,0.0847,0,2023-11-08 23:11:41
47185000,0.0845,0,2023-11-08 23:11:41
47184000,0.0043,0,2023-11-08 23:11:41
47183000,0.0032,0,2023-11-08 23:11:41
47198000,1.2577,1,2023-11-08 23:11:41
47199000,0.0003,1,2023-11-08 23:11:41
47200000,0.0008,1,2023-11-08 23:11:41
47201000,0.0865,1,2023-11-08 23:11:41
47202000,0.7723,1,2023-11-08 23:11:41
47187000,0.0442,0,2023-11-08 23:11:45
47186000,0.0847,0,2023-11-08 23:11:45
47185000,0.0845,0,2023-11-08 23:11:45
47184000,0.0043,0,2023-11-08 23:11:45
47183000,0.0032,0,2023-11-08 23:11:45
47198000,1.2577,1,2023-11-08 23:11:45
47199000,0.0003,1,2023-11-08 23:11:45
47200000,0.0008,1,2023-11-08 23:11:45
47201000,0.1225,1,2023-11-08 23:11:45
47202000,0.7723,1,2023-11-08 23:11:45
47189000,0.0098,0,2023-11-08 23:11:49
47187000,0.0606,0,2023-11-08 23:11:49
47186000,0.0847,0,2023-11-08 23:11:49
47185000,0.0845,0,2023-11-08 23:11:49
47184000,0.0043,0,2023-11-08 23:11:49
47198000,1.2577,1,2023-11-08 23:11:49
47199000,0.0003,1,2023-11-08 23:11:49
47200000,0.0008,1,2023-11-08 23:11:49
47201000,0.1225,1,2023-11-08 23:11:49
47202000,0.7723,1,2023-11-08 23:11:49
47195000,1.0585,0,2023-11-08 23:11:53
47193000,0.0441,0,2023-11-08 23:11:53
47191000,0.0883,0,2023-11-08 23:11:53
47189000,0.0533,0,2023-11-08 23:11:53
47187000,0.1253,0,2023-11-08 23:11:53
47198000,0.7455,1,2023-11-08 23:11:53
47199000,0.0003,1,2023-11-08 23:11:53
47200000,0.0008,1,2023-11-08 23:11:53
47201000,0.0363,1,2023-11-08 23:11:53
47202000,0.0003,1,2023-11-08 23:11:53
47196000,0.0429,0,2023-11-08 23:11:57
47195000,2.6119,0,2023-11-08 23:11:57
47194000,1.1447,0,2023-11-08 23:11:57
47193000,0.0441,0,2023-11-08 23:11:57
47191000,0.1699,0,2023-11-08 23:11:57
47201000,0.0178,1,2023-11-08 23:11:57
47202000,0.0003,1,2023-11-08 23:11:57
47204000,0.0013,1,2023-11-08 23:11:57
47205000,0.004,1,2023-11-08 23:11:57
47206000,0.1646,1,2023-11-08 23:11:57
47196000,0.0144,0,2023-11-08 23:12:01
47195000,0.2119,0,2023-11-08 23:12:01
47194000,3.4616,0,2023-11-08 23:12:01
47193000,0.0443,0,2023-11-08 23:12:01
47191000,0.0852,0,2023-11-08 23:12:01
47201000,0.0178,1,2023-11-08 23:12:01
47202000,0.0003,1,2023-11-08 23:12:01
47204000,0.0013,1,2023-11-08 23:12:01
47205000,0.004,1,2023-11-08 23:12:01
47206000,0.1646,1,2023-11-08 23:12:01
47195000,0.1915,0,2023-11-08 23:12:05
47194000,1.0585,0,2023-11-08 23:12:05
47193000,0.0443,0,2023-11-08 23:12:05
47191000,0.1699,0,2023-11-08 23:12:05
47190000,0.008,0,2023-11-08 23:12:05
47201000,0.0159,1,2023-11-08 23:12:05
47202000,0.0003,1,2023-11-08 23:12:05
47204000,0.0013,1,2023-11-08 23:12:05
47205000,0.0416,1,2023-11-08 23:12:05
47206000,0.2494,1,2023-11-08 23:12:05
47196000,0.0314,0,2023-11-08 23:12:09
47195000,0.1729,0,2023-11-08 23:12:09
47194000,1.0585,0,2023-11-08 23:12:09
47193000,0.0443,0,2023-11-08 23:12:09
47191000,0.0852,0,2023-11-08 23:12:09
47201000,0.0069,1,2023-11-08 23:12:09
47202000,0.0003,1,2023-11-08 23:12:09
47204000,0.0013,1,2023-11-08 23:12:09
47205000,0.004,1,2023-11-08 23:12:09
47206000,0.1646,1,2023-11-08 23:12:09
47195000,0.2153,0,2023-11-08 23:12:13
47194000,1.0587,0,2023-11-08 23:12:13
47193000,0.0443,0,2023-11-08 23:12:13
47191000,0.0852,0,2023-11-08 23:12:13
47190000,0.008,0,2023-11-08 23:12:13
47201000,0.0069,1,2023-11-08 23:12:13
47202000,0.0001,1,2023-11-08 23:12:13
47204000,0.0011,1,2023-11-08 23:12:13
47205000,0.0437,1,2023-11-08 23:12:13
47206000,0.1644,1,2023-11-08 23:12:13
47195000,1.2249,0,2023-11-08 23:12:17
47194000,0.0002,0,2023-11-08 23:12:17
47193000,0.0443,0,2023-11-08 23:12:17
47192000,0.0002,0,2023-11-08 23:12:17
47191000,0.0002,0,2023-11-08 23:12:17
47196000,0.0001,1,2023-11-08 23:12:17
47198000,0.0002,1,2023-11-08 23:12:17
47199000,0.0002,1,2023-11-08 23:12:17
47201000,0.0069,1,2023-11-08 23:12:17
47202000,0.0001,1,2023-11-08 23:12:17
47200000,0.1796,0,2023-11-08 23:12:21
47198000,0.0856,0,2023-11-08 23:12:21
47196000,0.0424,0,2023-11-08 23:12:21
47195000,3.7083,0,2023-11-08 23:12:21
47194000,0.0002,0,2023-11-08 23:12:21
47201000,0.0,1,2023-11-08 23:12:21
47202000,0.0003,1,2023-11-08 23:12:21
47204000,0.0822,1,2023-11-08 23:12:21
47205000,0.0001,1,2023-11-08 23:12:21
47206000,0.1644,1,2023-11-08 23:12:21
47218000,0.0868,0,2023-11-08 23:12:25
47217000,1.0444,0,2023-11-08 23:12:25
47214000,0.0847,0,2023-11-08 23:12:25
47211000,0.0032,0,2023-11-08 23:12:25
47210000,0.0056,0,2023-11-08 23:12:25
47224000,0.1033,1,2023-11-08 23:12:25
47225000,0.0948,1,2023-11-08 23:12:25
47226000,0.0044,1,2023-11-08 23:12:25
47227000,0.0874,1,2023-11-08 23:12:25
47228000,0.1059,1,2023-11-08 23:12:25
47195000,0.1478,0,2023-11-08 23:12:29
47194000,0.0002,0,2023-11-08 23:12:29
47193000,0.0002,0,2023-11-08 23:12:29
47192000,0.0002,0,2023-11-08 23:12:29
47191000,0.0002,0,2023-11-08 23:12:29
47196000,0.0135,1,2023-11-08 23:12:29
47200000,0.0233,1,2023-11-08 23:12:29
47203000,0.0001,1,2023-11-08 23:12:29
47204000,0.0385,1,2023-11-08 23:12:29
47205000,0.0048,1,2023-11-08 23:12:29
47193000,0.0001,0,2023-11-08 23:12:33
47192000,0.0001,0,2023-11-08 23:12:33
47191000,0.0001,0,2023-11-08 23:12:33
47188000,0.0441,0,2023-11-08 23:12:33
47187000,0.1062,0,2023-11-08 23:12:33
47199000,0.0443,1,2023-11-08 23:12:33
47200000,0.0085,1,2023-11-08 23:12:33
47201000,0.0856,1,2023-11-08 23:12:33
47203000,0.0001,1,2023-11-08 23:12:33
47205000,0.0001,1,2023-11-08 23:12:33
47193000,0.0001,0,2023-11-08 23:12:37
47192000,0.0001,0,2023-11-08 23:12:37
47191000,0.0001,0,2023-11-08 23:12:37
47189000,0.0001,0,2023-11-08 23:12:37
47188000,0.0442,0,2023-11-08 23:12:37
47200000,0.0527,1,2023-11-08 23:12:37
47201000,0.0856,1,2023-11-08 23:12:37
47203000,0.0001,1,2023-11-08 23:12:37
47205000,0.0001,1,2023-11-08 23:12:37
47206000,0.05,1,2023-11-08 23:12:37
47196000,0.0005,0,2023-11-08 23:12:41
47193000,0.0001,0,2023-11-08 23:12:41
47192000,0.0001,0,2023-11-08 23:12:41
47191000,0.0001,0,2023-11-08 23:12:41
47190000,0.0847,0,2023-11-08 23:12:41
47203000,0.0845,1,2023-11-08 23:12:41
47205000,0.0444,1,2023-11-08 23:12:41
47206000,0.1337,1,2023-11-08 23:12:41
47207000,0.8186,1,2023-11-08 23:12:41
47209000,0.0003,1,2023-11-08 23:12:41
47189000,0.0247,0,2023-11-08 23:12:45
47188000,0.1055,0,2023-11-08 23:12:45
47187000,0.1062,0,2023-11-08 23:12:45
47186000,0.0074,0,2023-11-08 23:12:45
47185000,0.159,0,2023-11-08 23:12:45
47205000,0.0421,1,2023-11-08 23:12:45
47206000,0.1945,1,2023-11-08 23:12:45
47207000,0.7758,1,2023-11-08 23:12:45
47209000,0.0003,1,2023-11-08 23:12:45
47210000,0.0001,1,2023-11-08 23:12:45
47189000,0.0247,0,2023-11-08 23:12:49
47188000,0.1055,0,2023-11-08 23:12:49
47187000,0.1062,0,2023-11-08 23:12:49
47186000,0.0074,0,2023-11-08 23:12:49
47185000,0.159,0,2023-11-08 23:12:49
47205000,0.0442,1,2023-11-08 23:12:49
47206000,0.1968,1,2023-11-08 23:12:49
47207000,0.7758,1,2023-11-08 23:12:49
47209000,0.0003,1,2023-11-08 23:12:49
47210000,0.0001,1,2023-11-08 23:12:49
47190000,0.0409,0,2023-11-08 23:12:53
47189000,0.106,0,2023-11-08 23:12:53
47188000,0.1055,0,2023-11-08 23:12:53
47187000,0.1062,0,2023-11-08 23:12:53
47186000,0.0074,0,2023-11-08 23:12:53
47205000,0.0442,1,2023-11-08 23:12:53
47206000,0.1968,1,2023-11-08 23:12:53
47207000,0.7758,1,2023-11-08 23:12:53
47209000,0.0003,1,2023-11-08 23:12:53
47210000,0.0001,1,2023-11-08 23:12:53
47190000,0.0409,0,2023-11-08 23:12:57
47189000,0.106,0,2023-11-08 23:12:57
47188000,0.1055,0,2023-11-08 23:12:57
47187000,0.1062,0,2023-11-08 23:12:57
47186000,0.0042,0,2023-11-08 23:12:57
47200000,0.0915,1,2023-11-08 23:12:57
47203000,0.0441,1,2023-11-08 23:12:57
47204000,0.0054,1,2023-11-08 23:12:57
47205000,0.0001,1,2023-11-08 23:12:57
47206000,0.1968,1,2023-11-08 23:12:57
47190000,0.0847,0,2023-11-08 23:13:01
47189000,0.1026,0,2023-11-08 23:13:01
47188000,0.145,0,2023-11-08 23:13:01
47187000,0.1062,0,2023-11-08 23:13:01
47186000,0.0042,0,2023-11-08 23:13:01
47199000,0.0441,1,2023-11-08 23:13:01
47200000,0.1763,1,2023-11-08 23:13:01
47204000,0.0054,1,2023-11-08 23:13:01
47205000,0.0001,1,2023-11-08 23:13:01
47206000,0.1968,1,2023-11-08 23:13:01
47190000,0.0955,0,2023-11-08 23:13:05
47189000,0.0816,0,2023-11-08 23:13:05
47188000,0.1055,0,2023-11-08 23:13:05
47187000,0.1062,0,2023-11-08 23:13:05
47186000,0.0073,0,2023-11-08 23:13:05
47200000,0.0915,1,2023-11-08 23:13:05
47202000,0.044,1,2023-11-08 23:13:05
47203000,0.0848,1,2023-11-08 23:13:05
47204000,0.0054,1,2023-11-08 23:13:05
47205000,0.0001,1,2023-11-08 23:13:05
47195000,0.0831,0,2023-11-08 23:13:09
47193000,0.0206,0,2023-11-08 23:13:09
47192000,0.0885,0,2023-11-08 23:13:09
47191000,0.046,0,2023-11-08 23:13:09
47189000,0.0816,0,2023-11-08 23:13:09
47204000,0.0054,1,2023-11-08 23:13:09
47205000,0.0001,1,2023-11-08 23:13:09
47206000,0.0609,1,2023-11-08 23:13:09
47207000,0.004,1,2023-11-08 23:13:09
47208000,0.044,1,2023-11-08 23:13:09
47205000,0.0269,0,2023-11-08 23:13:13
47196000,0.0759,0,2023-11-08 23:13:13
47195000,0.0766,0,2023-11-08 23:13:13
47192000,0.0885,0,2023-11-08 23:13:13
47191000,0.0428,0,2023-11-08 23:13:13
47206000,0.0609,1,2023-11-08 23:13:13
47207000,0.004,1,2023-11-08 23:13:13
47208000,0.0441,1,2023-11-08 23:13:13
47209000,0.0611,1,2023-11-08 23:13:13
47210000,0.0001,1,2023-11-08 23:13:13
47197000,0.0609,0,2023-11-08 23:13:17
47196000,0.1369,0,2023-11-08 23:13:17
47195000,0.0766,0,2023-11-08 23:13:17
47192000,0.0914,0,2023-11-08 23:13:17
47191000,0.0428,0,2023-11-08 23:13:17
47204000,0.0441,1,2023-11-08 23:13:17
47206000,0.0609,1,2023-11-08 23:13:17
47207000,0.004,1,2023-11-08 23:13:17
47209000,0.0611,1,2023-11-08 23:13:17
47210000,0.0001,1,2023-11-08 23:13:17
47197000,0.1247,0,2023-11-08 23:13:21
47196000,0.0522,0,2023-11-08 23:13:21
47192000,0.112,0,2023-11-08 23:13:21
47191000,0.0428,0,2023-11-08 23:13:21
47189000,0.0816,0,2023-11-08 23:13:21
47205000,0.0439,1,2023-11-08 23:13:21
47206000,0.0209,1,2023-11-08 23:13:21
47207000,0.004,1,2023-11-08 23:13:21
47209000,0.0611,1,2023-11-08 23:13:21
47210000,0.0001,1,2023-11-08 23:13:21
47197000,0.1046,0,2023-11-08 23:13:25
47196000,0.0522,0,2023-11-08 23:13:25
47195000,0.0847,0,2023-11-08 23:13:25
47193000,0.0206,0,2023-11-08 23:13:25
47192000,0.0914,0,2023-11-08 23:13:25
47205000,0.0438,1,2023-11-08 23:13:25
47206000,0.0209,1,2023-11-08 23:13:25
47207000,0.0888,1,2023-11-08 23:13:25
47209000,0.0611,1,2023-11-08 23:13:25
47210000,0.0886,1,2023-11-08 23:13:25
47197000,0.0725,0,2023-11-08 23:13:29
47191000,0.0428,0,2023-11-08 23:13:29
47189000,0.0816,0,2023-11-08 23:13:29
47188000,0.1295,0,2023-11-08 23:13:29
47187000,0.1062,0,2023-11-08 23:13:29
47200000,0.0002,1,2023-11-08 23:13:29
47204000,0.0435,1,2023-11-08 23:13:29
47205000,0.0871,1,2023-11-08 23:13:29
47206000,0.0209,1,2023-11-08 23:13:29
47207000,0.0648,1,2023-11-08 23:13:29
47197000,0.0617,0,2023-11-08 23:13:32
47193000,0.0871,0,2023-11-08 23:13:32
47191000,0.0428,0,2023-11-08 23:13:32
47190000,0.0271,0,2023-11-08 23:13:32
47189000,0.0816,0,2023-11-08 23:13:32
47204000,0.0357,1,2023-11-08 23:13:32
47205000,0.0871,1,2023-11-08 23:13:32
47206000,0.0209,1,2023-11-08 23:13:32
47207000,0.0648,1,2023-11-08 23:13:32
47209000,0.0611,1,2023-11-08 23:13:32
47197000,0.0617,0,2023-11-08 23:13:36
47193000,0.0871,0,2023-11-08 23:13:36
47192000,0.0271,0,2023-11-08 23:13:36
47191000,0.1289,0,2023-11-08 23:13:36
47189000,0.0816,0,2023-11-08 23:13:36
47205000,0.0344,1,2023-11-08 23:13:36
47206000,0.0209,1,2023-11-08 23:13:36
47207000,0.0648,1,2023-11-08 23:13:36
47209000,0.0611,1,2023-11-08 23:13:36
47210000,0.0886,1,2023-11-08 23:13:36
47197000,0.0617,0,2023-11-08 23:13:40
47193000,0.0372,0,2023-11-08 23:13:40
47192000,0.0648,0,2023-11-08 23:13:40
47191000,0.1289,0,2023-11-08 23:13:40
47189000,0.0816,0,2023-11-08 23:13:40
47205000,0.0047,1,2023-11-08 23:13:40
47206000,0.0209,1,2023-11-08 23:13:40
47207000,0.0648,1,2023-11-08 23:13:40
47209000,0.0611,1,2023-11-08 23:13:40
47210000,0.0886,1,2023-11-08 23:13:40
47197000,0.0617,0,2023-11-08 23:13:44
47193000,0.0372,0,2023-11-08 23:13:44
47192000,0.0648,0,2023-11-08 23:13:44
47191000,0.1289,0,2023-11-08 23:13:44
47189000,0.0816,0,2023-11-08 23:13:44
47206000,0.0643,1,2023-11-08 23:13:44
47207000,0.0648,1,2023-11-08 23:13:44
47209000,0.0611,1,2023-11-08 23:13:44
47210000,0.0886,1,2023-11-08 23:13:44
47211000,0.0007,1,2023-11-08 23:13:44
47197000,0.0617,0,2023-11-08 23:13:48
47193000,0.0375,0,2023-11-08 23:13:48
47192000,0.0648,0,2023-11-08 23:13:48
47191000,0.1289,0,2023-11-08 23:13:48
47189000,0.0816,0,2023-11-08 23:13:48
47206000,0.0434,1,2023-11-08 23:13:48
47207000,0.0065,1,2023-11-08 23:13:48
47209000,0.0611,1,2023-11-08 23:13:48
47210000,0.0886,1,2023-11-08 23:13:48
47211000,0.0007,1,2023-11-08 23:13:48
47190000,0.0201,0,2023-11-08 23:14:56
47189000,0.031,0,2023-11-08 23:14:56
47188000,0.018,0,2023-11-08 23:14:56
47187000,0.1062,0,2023-11-08 23:14:56
47186000,0.0044,0,2023-11-08 23:14:56
47198000,0.0098,1,2023-11-08 23:14:56
47200000,0.0281,1,2023-11-08 23:14:56
47201000,0.0831,1,2023-11-08 23:14:56
47203000,0.0038,1,2023-11-08 23:14:56
47204000,0.0946,1,2023-11-08 23:14:56
47190000,0.0037,0,2023-11-08 23:15:00
47189000,0.031,0,2023-11-08 23:15:00
47188000,0.018,0,2023-11-08 23:15:00
47187000,0.1487,0,2023-11-08 23:15:00
47186000,0.0044,0,2023-11-08 23:15:00
47198000,0.005,1,2023-11-08 23:15:00
47200000,0.0281,1,2023-11-08 23:15:00
47201000,0.0831,1,2023-11-08 23:15:00
47203000,0.0038,1,2023-11-08 23:15:00
47204000,0.0946,1,2023-11-08 23:15:00
47187000,0.046,0,2023-11-08 23:15:04
47186000,0.0891,0,2023-11-08 23:15:04
47185000,0.0001,0,2023-11-08 23:15:04
47184000,0.0003,0,2023-11-08 23:15:04
47183000,0.0004,0,2023-11-08 23:15:04
47196000,0.0267,1,2023-11-08 23:15:04
47197000,0.0848,1,2023-11-08 23:15:04
47198000,0.005,1,2023-11-08 23:15:04
47199000,0.0031,1,2023-11-08 23:15:04
47200000,0.0012,1,2023-11-08 23:15:04
47183000,0.0004,0,2023-11-08 23:15:08
47182000,0.0002,0,2023-11-08 23:15:08
47181000,0.0009,0,2023-11-08 23:15:08
47180000,0.0021,0,2023-11-08 23:15:08
47179000,0.0006,0,2023-11-08 23:15:08
47184000,0.0329,1,2023-11-08 23:15:08
47185000,0.0695,1,2023-11-08 23:15:08
47187000,0.0881,1,2023-11-08 23:15:08
47193000,0.003,1,2023-11-08 23:15:08
47194000,0.0269,1,2023-11-08 23:15:08
47183000,0.0004,0,2023-11-08 23:15:12
47182000,0.0002,0,2023-11-08 23:15:12
47181000,0.0009,0,2023-11-08 23:15:12
47180000,0.0021,0,2023-11-08 23:15:12
47179000,0.0427,0,2023-11-08 23:15:12
47184000,0.0263,1,2023-11-08 23:15:12
47185000,0.0695,1,2023-11-08 23:15:12
47189000,0.0032,1,2023-11-08 23:15:12
47190000,0.0831,1,2023-11-08 23:15:12
47194000,0.0267,1,2023-11-08 23:15:12
47178000,0.0114,0,2023-11-08 23:15:16
47177000,0.0003,0,2023-11-08 23:15:16
47176000,0.0702,0,2023-11-08 23:15:16
47175000,0.0002,0,2023-11-08 23:15:16
47174000,0.0424,0,2023-11-08 23:15:16
47184000,0.015,1,2023-11-08 23:15:16
47185000,0.0695,1,2023-11-08 23:15:16
47186000,0.0448,1,2023-11-08 23:15:16
47187000,0.0878,1,2023-11-08 23:15:16
47188000,0.0268,1,2023-11-08 23:15:16
47177000,0.0003,0,2023-11-08 23:15:20
47176000,0.0704,0,2023-11-08 23:15:20
47175000,0.0002,0,2023-11-08 23:15:20
47174000,0.0424,0,2023-11-08 23:15:20
47173000,0.004,0,2023-11-08 23:15:20
47184000,0.0148,1,2023-11-08 23:15:20
47185000,0.0695,1,2023-11-08 23:15:20
47186000,0.0448,1,2023-11-08 23:15:20
47187000,0.0878,1,2023-11-08 23:15:20
47188000,0.0268,1,2023-11-08 23:15:20
47177000,0.0116,0,2023-11-08 23:15:24
47176000,0.0639,0,2023-11-08 23:15:24
47175000,0.0001,0,2023-11-08 23:15:24
47174000,0.0843,0,2023-11-08 23:15:24
47173000,0.004,0,2023-11-08 23:15:24
47184000,0.0148,1,2023-11-08 23:15:24
47185000,0.0695,1,2023-11-08 23:15:24
47186000,0.0002,1,2023-11-08 23:15:24
47193000,0.0363,1,2023-11-08 23:15:24
47194000,0.0687,1,2023-11-08 23:15:24
47199000,0.0408,0,2023-11-08 23:15:28
47198000,0.0976,0,2023-11-08 23:15:28
47194000,0.0049,0,2023-11-08 23:15:28
47192000,0.0247,0,2023-11-08 23:15:28
47191000,0.0467,0,2023-11-08 23:15:28
47210000,0.0005,1,2023-11-08 23:15:28
47211000,0.0007,1,2023-11-08 23:15:28
47213000,0.0467,1,2023-11-08 23:15:28
47214000,0.0004,1,2023-11-08 23:15:28
47215000,0.1307,1,2023-11-08 23:15:28
47200000,0.0002,0,2023-11-08 23:15:32
47195000,0.0334,0,2023-11-08 23:15:32
47194000,0.0886,0,2023-11-08 23:15:32
47192000,0.0068,0,2023-11-08 23:15:32
47190000,0.0914,0,2023-11-08 23:15:32
47210000,0.0055,1,2023-11-08 23:15:32
47211000,0.0434,1,2023-11-08 23:15:32
47212000,0.0855,1,2023-11-08 23:15:32
47213000,0.0039,1,2023-11-08 23:15:32
47214000,0.0639,1,2023-11-08 23:15:32
47200000,0.0847,0,2023-11-08 23:15:36
47195000,0.0128,0,2023-11-08 23:15:36
47193000,0.0831,0,2023-11-08 23:15:36
47192000,0.0196,0,2023-11-08 23:15:36
47190000,0.0914,0,2023-11-08 23:15:36
47210000,0.0055,1,2023-11-08 23:15:36
47211000,0.0007,1,2023-11-08 23:15:36
47212000,0.1703,1,2023-11-08 23:15:36
47213000,0.0466,1,2023-11-08 23:15:36
47214000,0.0004,1,2023-11-08 23:15:36
47194000,0.0133,0,2023-11-08 23:15:40
47193000,0.0833,0,2023-11-08 23:15:40
47192000,0.0282,0,2023-11-08 23:15:40
47190000,0.1974,0,2023-11-08 23:15:40
47189000,2.5344,0,2023-11-08 23:15:40
47209000,0.0425,1,2023-11-08 23:15:40
47210000,0.0055,1,2023-11-08 23:15:40
47211000,0.0007,1,2023-11-08 23:15:40
47212000,0.0855,1,2023-11-08 23:15:40
47213000,0.0039,1,2023-11-08 23:15:40
47194000,0.0013,0,2023-11-08 23:15:44
47193000,0.0001,0,2023-11-08 23:15:44
47192000,0.0036,0,2023-11-08 23:15:44
47190000,0.1974,0,2023-11-08 23:15:44
47189000,0.0489,0,2023-11-08 23:15:44
47204000,0.0425,1,2023-11-08 23:15:44
47205000,0.0938,1,2023-11-08 23:15:44
47207000,0.0917,1,2023-11-08 23:15:44
47209000,0.0845,1,2023-11-08 23:15:44
47210000,0.0005,1,2023-11-08 23:15:44
47190000,0.0004,0,2023-11-08 23:15:48
47189000,0.0847,0,2023-11-08 23:15:48
47186000,0.0002,0,2023-11-08 23:15:48
47184000,0.0036,0,2023-11-08 23:15:48
47182000,0.0799,0,2023-11-08 23:15:48
47195000,0.0001,1,2023-11-08 23:15:48
47196000,0.0001,1,2023-11-08 23:15:48
47201000,0.0425,1,2023-11-08 23:15:48
47202000,0.0881,1,2023-11-08 23:15:48
47203000,0.0848,1,2023-11-08 23:15:48
47186000,0.0052,0,2023-11-08 23:15:52
47184000,0.0036,0,2023-11-08 23:15:52
47182000,0.0799,0,2023-11-08 23:15:52
47181000,0.0276,0,2023-11-08 23:15:52
47180000,0.0235,0,2023-11-08 23:15:52
47195000,0.0369,1,2023-11-08 23:15:52
47196000,0.0051,1,2023-11-08 23:15:52
47198000,0.0001,1,2023-11-08 23:15:52
47199000,0.0001,1,2023-11-08 23:15:52
47201000,0.0001,1,2023-11-08 23:15:52
47184000,0.0036,0,2023-11-08 23:15:56
47181000,0.0005,0,2023-11-08 23:15:56
47180000,0.0031,0,2023-11-08 23:15:56
47179000,0.0497,0,2023-11-08 23:15:56
47178000,0.0865,0,2023-11-08 23:15:56
47196000,0.0051,1,2023-11-08 23:15:56
47198000,0.0001,1,2023-11-08 23:15:56
47199000,0.0862,1,2023-11-08 23:15:56
47201000,0.0001,1,2023-11-08 23:15:56
47202000,0.0882,1,2023-11-08 23:15:56
47181000,0.0281,0,2023-11-08 23:16:00
47180000,0.0031,0,2023-11-08 23:16:00
47179000,0.0497,0,2023-11-08 23:16:00
47178000,0.0865,0,2023-11-08 23:16:00
47177000,0.1067,0,2023-11-08 23:16:00
47198000,0.005,1,2023-11-08 23:16:00
47199000,0.0862,1,2023-11-08 23:16:00
47201000,0.0001,1,2023-11-08 23:16:00
47202000,0.0882,1,2023-11-08 23:16:00
47203000,0.0463,1,2023-11-08 23:16:00
47181000,0.0283,0,2023-11-08 23:16:04
47180000,0.0031,0,2023-11-08 23:16:04
47179000,0.0497,0,2023-11-08 23:16:04
47178000,0.0865,0,2023-11-08 23:16:04
47177000,0.1067,0,2023-11-08 23:16:04
47198000,0.0475,1,2023-11-08 23:16:04
47199000,0.0862,1,2023-11-08 23:16:04
47200000,0.0002,1,2023-11-08 23:16:04
47201000,0.0001,1,2023-11-08 23:16:04
47202000,0.0919,1,2023-11-08 23:16:04
47186000,0.0278,0,2023-11-08 23:16:08
47185000,0.0446,0,2023-11-08 23:16:08
47184000,0.003,0,2023-11-08 23:16:08
47183000,0.0832,0,2023-11-08 23:16:08
47181000,0.0005,0,2023-11-08 23:16:08
47198000,0.0425,1,2023-11-08 23:16:08
47199000,0.0001,1,2023-11-08 23:16:08
47200000,0.0002,1,2023-11-08 23:16:08
47201000,0.0001,1,2023-11-08 23:16:08
47202000,0.0038,1,2023-11-08 23:16:08
47192000,0.0002,0,2023-11-08 23:16:12
47186000,0.0278,0,2023-11-08 23:16:12
47185000,0.0446,0,2023-11-08 23:16:12
47184000,0.003,0,2023-11-08 23:16:12
47183000,0.0832,0,2023-11-08 23:16:12
47194000,0.0002,1,2023-11-08 23:16:12
47199000,0.0001,1,2023-11-08 23:16:12
47200000,0.0002,1,2023-11-08 23:16:12
47201000,0.0426,1,2023-11-08 23:16:12
47202000,0.0869,1,2023-11-08 23:16:12
47192000,0.0002,0,2023-11-08 23:16:16
47190000,0.0002,0,2023-11-08 23:16:16
47189000,0.0002,0,2023-11-08 23:16:16
47185000,0.0724,0,2023-11-08 23:16:16
47184000,0.0877,0,2023-11-08 23:16:16
47194000,0.0002,1,2023-11-08 23:16:16
47196000,0.0002,1,2023-11-08 23:16:16
47197000,0.0002,1,2023-11-08 23:16:16
47199000,0.0001,1,2023-11-08 23:16:16
47200000,0.0002,1,2023-11-08 23:16:16
47192000,0.0002,0,2023-11-08 23:16:20
47190000,0.0002,0,2023-11-08 23:16:20
47189000,0.0002,0,2023-11-08 23:16:20
47187000,0.0002,0,2023-11-08 23:16:20
47186000,0.0002,0,2023-11-08 23:16:20
47194000,0.0002,1,2023-11-08 23:16:20
47196000,0.0002,1,2023-11-08 23:16:20
47197000,0.0002,1,2023-11-08 23:16:20
47199000,0.0003,1,2023-11-08 23:16:20
47200000,0.0004,1,2023-11-08 23:16:20
47192000,0.0002,0,2023-11-08 23:16:24
47190000,0.0002,0,2023-11-08 23:16:24
47189000,0.0002,0,2023-11-08 23:16:24
47187000,0.0002,0,2023-11-08 23:16:24
47186000,0.0004,0,2023-11-08 23:16:24
47194000,0.0002,1,2023-11-08 23:16:24
47196000,0.0002,1,2023-11-08 23:16:24
47197000,0.0002,1,2023-11-08 23:16:24
47199000,0.0003,1,2023-11-08 23:16:24
47200000,0.0004,1,2023-11-08 23:16:24
47192000,0.0002,0,2023-11-08 23:16:28
47190000,0.0002,0,2023-11-08 23:16:28
47189000,0.0428,0,2023-11-08 23:16:28
47188000,0.0888,0,2023-11-08 23:16:28
47187000,0.0002,0,2023-11-08 23:16:28
47204000,0.0049,1,2023-11-08 23:16:28
47205000,0.0578,1,2023-11-08 23:16:28
47206000,0.0331,1,2023-11-08 23:16:28
47207000,0.092,1,2023-11-08 23:16:28
47208000,0.0001,1,2023-11-08 23:16:28
47193000,0.0426,0,2023-11-08 23:16:32
47192000,0.0052,0,2023-11-08 23:16:32
47190000,0.0002,0,2023-11-08 23:16:32
47189000,0.0002,0,2023-11-08 23:16:32
47188000,0.0888,0,2023-11-08 23:16:32
47204000,0.0099,1,2023-11-08 23:16:32
47205000,0.0578,1,2023-11-08 23:16:32
47206000,0.0331,1,2023-11-08 23:16:32
47207000,0.092,1,2023-11-08 23:16:32
47208000,0.0001,1,2023-11-08 23:16:32
47194000,0.0151,0,2023-11-08 23:16:35
47193000,0.0424,0,2023-11-08 23:16:35
47192000,0.0052,0,2023-11-08 23:16:35
47190000,0.0002,0,2023-11-08 23:16:35
47189000,0.0002,0,2023-11-08 23:16:35
47205000,0.0427,1,2023-11-08 23:16:35
47206000,0.0331,1,2023-11-08 23:16:35
47207000,0.092,1,2023-11-08 23:16:35
47208000,0.0001,1,2023-11-08 23:16:35
47209000,0.0215,1,2023-11-08 23:16:35
47195000,0.0424,0,2023-11-08 23:16:39
47194000,0.0998,0,2023-11-08 23:16:39
47192000,0.0052,0,2023-11-08 23:16:39
47190000,0.0002,0,2023-11-08 23:16:39
47189000,0.0002,0,2023-11-08 23:16:39
47205000,0.0557,1,2023-11-08 23:16:39
47206000,0.0003,1,2023-11-08 23:16:39
47207000,0.0867,1,2023-11-08 23:16:39
47208000,0.0319,1,2023-11-08 23:16:39
47209000,0.0215,1,2023-11-08 23:16:39
47196000,0.0473,0,2023-11-08 23:16:43
47195000,0.0894,0,2023-11-08 23:16:43
47194000,0.0151,0,2023-11-08 23:16:43
47192000,0.0879,0,2023-11-08 23:16:43
47190000,0.1415,0,2023-11-08 23:16:43
47210000,0.0002,1,2023-11-08 23:16:43
47211000,0.1188,1,2023-11-08 23:16:43
47212000,0.051,1,2023-11-08 23:16:43
47213000,0.004,1,2023-11-08 23:16:43
47214000,0.0004,1,2023-11-08 23:16:43
47201000,0.0423,0,2023-11-08 23:16:47
47200000,0.0052,0,2023-11-08 23:16:47
47198000,0.0881,0,2023-11-08 23:16:47
47197000,0.0558,0,2023-11-08 23:16:47
47196000,0.1364,0,2023-11-08 23:16:47
47209000,0.0848,1,2023-11-08 23:16:47
47210000,0.0002,1,2023-11-08 23:16:47
47211000,0.0008,1,2023-11-08 23:16:47
47212000,0.0001,1,2023-11-08 23:16:47
47213000,0.004,1,2023-11-08 23:16:47
47212000,0.0049,0,2023-11-08 23:16:51
47206000,0.0423,0,2023-11-08 23:16:51
47205000,0.0905,0,2023-11-08 23:16:51
47203000,0.003,0,2023-11-08 23:16:51
47202000,0.0832,0,2023-11-08 23:16:51
47214000,0.0004,1,2023-11-08 23:16:51
47215000,0.0001,1,2023-11-08 23:16:51
47216000,0.0003,1,2023-11-08 23:16:51
47217000,0.0002,1,2023-11-08 23:16:51
47218000,0.0638,1,2023-11-08 23:16:51
47207000,0.005,0,2023-11-08 23:16:55
47205000,0.0113,0,2023-11-08 23:16:55
47203000,0.0462,0,2023-11-08 23:16:55
47202000,0.1679,0,2023-11-08 23:16:55
47200000,0.0002,0,2023-11-08 23:16:55
47212000,0.0001,1,2023-11-08 23:16:55
47214000,0.0004,1,2023-11-08 23:16:55
47215000,0.0001,1,2023-11-08 23:16:55
47216000,0.0301,1,2023-11-08 23:16:55
47217000,0.085,1,2023-11-08 23:16:55
47207000,0.005,0,2023-11-08 23:16:59
47205000,0.0113,0,2023-11-08 23:16:59
47203000,0.0462,0,2023-11-08 23:16:59
47202000,0.0832,0,2023-11-08 23:16:59
47200000,0.0002,0,2023-11-08 23:16:59
47212000,0.0001,1,2023-11-08 23:16:59
47214000,0.0004,1,2023-11-08 23:16:59
47215000,0.0001,1,2023-11-08 23:16:59
47216000,0.0003,1,2023-11-08 23:16:59
47217000,0.0289,1,2023-11-08 23:16:59
47200000,0.0002,0,2023-11-08 23:17:03
47197000,0.0983,0,2023-11-08 23:17:03
47196000,0.0467,0,2023-11-08 23:17:03
47195000,0.0894,0,2023-11-08 23:17:03
47194000,0.0151,0,2023-11-08 23:17:03
47211000,0.0281,1,2023-11-08 23:17:03
47212000,0.0051,1,2023-11-08 23:17:03
47213000,0.0855,1,2023-11-08 23:17:03
47214000,0.0004,1,2023-11-08 23:17:03
47215000,0.0001,1,2023-11-08 23:17:03
47200000,0.0002,0,2023-11-08 23:17:07
47198000,0.0425,0,2023-11-08 23:17:07
47197000,0.1405,0,2023-11-08 23:17:07
47196000,0.0467,0,2023-11-08 23:17:07
47195000,0.0931,0,2023-11-08 23:17:07
47211000,0.0232,1,2023-11-08 23:17:07
47212000,0.0051,1,2023-11-08 23:17:07
47213000,0.0855,1,2023-11-08 23:17:07
47214000,0.0007,1,2023-11-08 23:17:07
47215000,0.0001,1,2023-11-08 23:17:07
47200000,0.0052,0,2023-11-08 23:17:11
47199000,0.0422,0,2023-11-08 23:17:11
47198000,0.0855,0,2023-11-08 23:17:11
47197000,0.1405,0,2023-11-08 23:17:11
47196000,0.0472,0,2023-11-08 23:17:11
47211000,0.0218,1,2023-11-08 23:17:11
47212000,0.005,1,2023-11-08 23:17:11
47213000,0.0667,1,2023-11-08 23:17:11
47214000,0.0007,1,2023-11-08 23:17:11
47215000,0.0051,1,2023-11-08 23:17:11
47201000,0.0399,0,2023-11-08 23:17:15
47200000,0.0052,0,2023-11-08 23:17:15
47198000,0.0855,0,2023-11-08 23:17:15
47197000,0.1405,0,2023-11-08 23:17:15
47196000,0.0472,0,2023-11-08 23:17:15
47212000,0.005,1,2023-11-08 23:17:15
47213000,0.0667,1,2023-11-08 23:17:15
47214000,0.0007,1,2023-11-08 23:17:15
47215000,0.0051,1,2023-11-08 23:17:15
47216000,0.0896,1,2023-11-08 23:17:15
47201000,0.0105,0,2023-11-08 23:17:19
47200000,0.0052,0,2023-11-08 23:17:19
47198000,0.0855,0,2023-11-08 23:17:19
47197000,0.1405,0,2023-11-08 23:17:19
47196000,0.0472,0,2023-11-08 23:17:19
47212000,0.0337,1,2023-11-08 23:17:19
47213000,0.0897,1,2023-11-08 23:17:19
47214000,0.0007,1,2023-11-08 23:17:19
47215000,0.0051,1,2023-11-08 23:17:19
47216000,0.0896,1,2023-11-08 23:17:19
47200000,0.0052,0,2023-11-08 23:17:23
47198000,0.1276,0,2023-11-08 23:17:23
47197000,0.1405,0,2023-11-08 23:17:23
47196000,0.0472,0,2023-11-08 23:17:23
47195000,0.0931,0,2023-11-08 23:17:23
47212000,0.0288,1,2023-11-08 23:17:23
47213000,0.0897,1,2023-11-08 23:17:23
47214000,0.0007,1,2023-11-08 23:17:23
47215000,0.0051,1,2023-11-08 23:17:23
47216000,0.0896,1,2023-11-08 23:17:23
47199000,0.0421,0,2023-11-08 23:17:27
47198000,0.0855,0,2023-11-08 23:17:27
47197000,0.0558,0,2023-11-08 23:17:27
47196000,0.0472,0,2023-11-08 23:17:27
47195000,0.0931,0,2023-11-08 23:17:27
47211000,0.0054,1,2023-11-08 23:17:27
47212000,0.0341,1,2023-11-08 23:17:27
47213000,0.0897,1,2023-11-08 23:17:27
47214000,0.0007,1,2023-11-08 23:17:27
47215000,0.0051,1,2023-11-08 23:17:27
47199000,0.0421,0,2023-11-08 23:17:31
47198000,0.1194,0,2023-11-08 23:17:31
47197000,0.0558,0,2023-11-08 23:17:31
47196000,0.0472,0,2023-11-08 23:17:31
47195000,0.0931,0,2023-11-08 23:17:31
47210000,0.0339,1,2023-11-08 23:17:31
47211000,0.0054,1,2023-11-08 23:17:31
47212000,0.0002,1,2023-11-08 23:17:31
47213000,0.0897,1,2023-11-08 23:17:31
47214000,0.0004,1,2023-11-08 23:17:31
47199000,0.0421,0,2023-11-08 23:17:35
47198000,0.1194,0,2023-11-08 23:17:35
47197000,0.0558,0,2023-11-08 23:17:35
47196000,0.0472,0,2023-11-08 23:17:35
47195000,0.0931,0,2023-11-08 23:17:35
47212000,0.0341,1,2023-11-08 23:17:35
47213000,0.0897,1,2023-11-08 23:17:35
47214000,0.0004,1,2023-11-08 23:17:35
47215000,0.0051,1,2023-11-08 23:17:35
47216000,0.0896,1,2023-11-08 23:17:35
47199000,0.0312,0,2023-11-08 23:17:39
47198000,0.1194,0,2023-11-08 23:17:39
47197000,0.0558,0,2023-11-08 23:17:39
47196000,0.0472,0,2023-11-08 23:17:39
47195000,0.0931,0,2023-11-08 23:17:39
47210000,0.042,1,2023-11-08 23:17:39
47211000,0.0212,1,2023-11-08 23:17:39
47212000,0.0002,1,2023-11-08 23:17:39
47213000,0.0897,1,2023-11-08 23:17:39
47214000,0.0044,1,2023-11-08 23:17:39
47198000,0.0653,0,2023-11-08 23:17:43
47197000,0.0558,0,2023-11-08 23:17:43
47196000,0.0472,0,2023-11-08 23:17:43
47195000,0.0931,0,2023-11-08 23:17:43
47194000,0.0365,0,2023-11-08 23:17:43
47207000,0.0002,1,2023-11-08 23:17:43
47210000,0.042,1,2023-11-08 23:17:43
47211000,0.0212,1,2023-11-08 23:17:43
47212000,0.0003,1,2023-11-08 23:17:43
47213000,0.0897,1,2023-11-08 23:17:43
47199000,0.0084,0,2023-11-08 23:17:47
47198000,0.0652,0,2023-11-08 23:17:47
47197000,0.0558,0,2023-11-08 23:17:47
47196000,0.0472,0,2023-11-08 23:17:47
47195000,0.0894,0,2023-11-08 23:17:47
47205000,0.0212,1,2023-11-08 23:17:47
47207000,0.0002,1,2023-11-08 23:17:47
47212000,0.0423,1,2023-11-08 23:17:47
47213000,0.0897,1,2023-11-08 23:17:47
47214000,0.01,1,2023-11-08 23:17:47
47199000,0.0011,0,2023-11-08 23:17:51
47198000,0.0339,0,2023-11-08 23:17:51
47197000,0.0871,0,2023-11-08 23:17:51
47196000,0.0472,0,2023-11-08 23:17:51
47195000,0.0894,0,2023-11-08 23:17:51
47205000,0.0212,1,2023-11-08 23:17:51
47207000,0.0002,1,2023-11-08 23:17:51
47212000,0.0423,1,2023-11-08 23:17:51
47213000,0.0897,1,2023-11-08 23:17:51
47214000,0.01,1,2023-11-08 23:17:51
47197000,0.086,0,2023-11-08 23:17:55
47196000,0.0472,0,2023-11-08 23:17:55
47194000,0.0365,0,2023-11-08 23:17:55
47193000,0.0002,0,2023-11-08 23:17:55
47192000,0.0002,0,2023-11-08 23:17:55
47207000,0.0002,1,2023-11-08 23:17:55
47209000,0.0882,1,2023-11-08 23:17:55
47212000,0.0422,1,2023-11-08 23:17:55
47213000,0.0897,1,2023-11-08 23:17:55
47214000,0.01,1,2023-11-08 23:17:55
47197000,0.0472,0,2023-11-08 23:17:59
47196000,0.0472,0,2023-11-08 23:17:59
47195000,0.0286,0,2023-11-08 23:17:59
47194000,0.0365,0,2023-11-08 23:17:59
47193000,0.0002,0,2023-11-08 23:17:59
47208000,0.0001,1,2023-11-08 23:17:59
47209000,0.0882,1,2023-11-08 23:17:59
47212000,0.0003,1,2023-11-08 23:17:59
47213000,0.0897,1,2023-11-08 23:17:59
47214000,0.01,1,2023-11-08 23:17:59
47200000,0.0002,0,2023-11-08 23:18:03
47198000,0.0373,0,2023-11-08 23:18:03
47197000,0.0472,0,2023-11-08 23:18:03
47196000,0.0472,0,2023-11-08 23:18:03
47195000,0.0859,0,2023-11-08 23:18:03
47208000,0.005,1,2023-11-08 23:18:03
47212000,0.0421,1,2023-11-08 23:18:03
47213000,0.0897,1,2023-11-08 23:18:03
47214000,0.01,1,2023-11-08 23:18:03
47215000,0.0479,1,2023-11-08 23:18:03
47194000,0.0365,0,2023-11-08 23:18:07
47193000,0.0291,0,2023-11-08 23:18:07
47192000,0.0865,0,2023-11-08 23:18:07
47190000,0.0525,0,2023-11-08 23:18:07
47189000,0.1524,0,2023-11-08 23:18:07
47207000,0.0415,1,2023-11-08 23:18:07
47208000,0.005,1,2023-11-08 23:18:07
47210000,0.0876,1,2023-11-08 23:18:07
47212000,0.0003,1,2023-11-08 23:18:07
47213000,0.0897,1,2023-11-08 23:18:07
47196000,0.0598,0,2023-11-08 23:18:11
47195000,0.0289,0,2023-11-08 23:18:11
47194000,0.0365,0,2023-11-08 23:18:11
47193000,0.0002,0,2023-11-08 23:18:11
47192000,0.0865,0,2023-11-08 23:18:11
47208000,0.005,1,2023-11-08 23:18:11
47209000,0.0415,1,2023-11-08 23:18:11
47210000,0.0876,1,2023-11-08 23:18:11
47212000,0.0003,1,2023-11-08 23:18:11
47213000,0.0897,1,2023-11-08 23:18:11
47205000,0.0002,0,2023-11-08 23:18:15
47196000,0.1445,0,2023-11-08 23:18:15
47195000,0.0884,0,2023-11-08 23:18:15
47194000,0.0365,0,2023-11-08 23:18:15
47193000,0.029,0,2023-11-08 23:18:15
47206000,0.0415,1,2023-11-08 23:18:15
47207000,0.0048,1,2023-11-08 23:18:15
47209000,0.085,1,2023-11-08 23:18:15
47210000,0.0876,1,2023-11-08 23:18:15
47211000,0.0002,1,2023-11-08 23:18:15
47205000,0.0002,0,2023-11-08 23:18:19
47204000,0.0002,0,2023-11-08 23:18:19
47202000,0.0002,0,2023-11-08 23:18:19
47195000,0.0884,0,2023-11-08 23:18:19
47194000,0.0365,0,2023-11-08 23:18:19
47206000,0.0415,1,2023-11-08 23:18:19
47207000,0.0048,1,2023-11-08 23:18:19
47209000,0.0002,1,2023-11-08 23:18:19
47211000,0.0002,1,2023-11-08 23:18:19
47212000,0.0005,1,2023-11-08 23:18:19
47204000,0.0002,0,2023-11-08 23:18:22
47202000,0.0002,0,2023-11-08 23:18:22
47201000,0.0002,0,2023-11-08 23:18:22
47200000,0.0002,0,2023-11-08 23:18:22
47198000,0.0002,0,2023-11-08 23:18:22
47205000,0.0131,1,2023-11-08 23:18:22
47206000,0.0415,1,2023-11-08 23:18:22
47207000,0.0048,1,2023-11-08 23:18:22
47209000,0.0002,1,2023-11-08 23:18:22
47211000,0.0002,1,2023-11-08 23:18:22
47204000,0.0002,0,2023-11-08 23:18:26
47202000,0.0002,0,2023-11-08 23:18:26
47201000,0.0002,0,2023-11-08 23:18:26
47200000,0.0002,0,2023-11-08 23:18:26
47198000,0.0002,0,2023-11-08 23:18:26
47205000,0.0131,1,2023-11-08 23:18:26
47206000,0.0415,1,2023-11-08 23:18:26
47207000,0.005,1,2023-11-08 23:18:26
47209000,0.0002,1,2023-11-08 23:18:26
47211000,0.0007,1,2023-11-08 23:18:26
47204000,0.0003,0,2023-11-08 23:18:30
47202000,0.0003,0,2023-11-08 23:18:30
47201000,0.0003,0,2023-11-08 23:18:30
47200000,0.0002,0,2023-11-08 23:18:30
47198000,0.0002,0,2023-11-08 23:18:30
47205000,0.0131,1,2023-11-08 23:18:30
47206000,0.0001,1,2023-11-08 23:18:30
47207000,0.005,1,2023-11-08 23:18:30
47208000,0.0001,1,2023-11-08 23:18:30
47209000,0.0002,1,2023-11-08 23:18:30
47204000,0.0003,0,2023-11-08 23:18:34
47202000,0.0003,0,2023-11-08 23:18:34
47201000,0.0003,0,2023-11-08 23:18:34
47200000,0.0002,0,2023-11-08 23:18:34
47199000,0.0001,0,2023-11-08 23:18:34
47205000,0.0131,1,2023-11-08 23:18:34
47206000,0.0001,1,2023-11-08 23:18:34
47207000,0.005,1,2023-11-08 23:18:34
47208000,0.0001,1,2023-11-08 23:18:34
47209000,0.0003,1,2023-11-08 23:18:34
47204000,0.0003,0,2023-11-08 23:18:38
47202000,0.0003,0,2023-11-08 23:18:38
47201000,0.0003,0,2023-11-08 23:18:38
47200000,0.0002,0,2023-11-08 23:18:38
47199000,0.0001,0,2023-11-08 23:18:38
47205000,0.0003,1,2023-11-08 23:18:38
47206000,0.0001,1,2023-11-08 23:18:38
47207000,0.005,1,2023-11-08 23:18:38
47208000,0.0001,1,2023-11-08 23:18:38
47209000,0.0003,1,2023-11-08 23:18:38
47197000,0.0003,0,2023-11-08 23:18:42
47196000,0.0113,0,2023-11-08 23:18:42
47195000,0.0003,0,2023-11-08 23:18:42
47194000,0.0368,0,2023-11-08 23:18:42
47193000,0.0288,0,2023-11-08 23:18:42
47205000,0.0003,1,2023-11-08 23:18:42
47206000,0.0414,1,2023-11-08 23:18:42
47207000,0.005,1,2023-11-08 23:18:42
47208000,0.0001,1,2023-11-08 23:18:42
47209000,0.0003,1,2023-11-08 23:18:42
47197000,0.0003,0,2023-11-08 23:18:46
47195000,0.0003,0,2023-11-08 23:18:46
47194000,0.0368,0,2023-11-08 23:18:46
47193000,0.0002,0,2023-11-08 23:18:46
47192000,0.0003,0,2023-11-08 23:18:46
47200000,0.0413,1,2023-11-08 23:18:46
47201000,0.0831,1,2023-11-08 23:18:46
47202000,0.005,1,2023-11-08 23:18:46
47203000,0.0057,1,2023-11-08 23:18:46
47204000,0.0888,1,2023-11-08 23:18:46
47192000,0.0003,0,2023-11-08 23:18:50
47191000,0.0003,0,2023-11-08 23:18:50
47190000,0.0849,0,2023-11-08 23:18:50
47189000,0.1523,0,2023-11-08 23:18:50
47188000,0.0003,0,2023-11-08 23:18:50
47200000,0.005,1,2023-11-08 23:18:50
47201000,0.0831,1,2023-11-08 23:18:50
47202000,0.0412,1,2023-11-08 23:18:50
47203000,0.0097,1,2023-11-08 23:18:50
47204000,0.0888,1,2023-11-08 23:18:50
47190000,0.0877,0,2023-11-08 23:18:54
47189000,0.1573,0,2023-11-08 23:18:54
47188000,0.0003,0,2023-11-08 23:18:54
47187000,0.0311,0,2023-11-08 23:18:54
47186000,0.0678,0,2023-11-08 23:18:54
47199000,0.0412,1,2023-11-08 23:18:54
47200000,0.005,1,2023-11-08 23:18:54
47201000,0.0831,1,2023-11-08 23:18:54
47202000,0.0848,1,2023-11-08 23:18:54
47203000,0.0097,1,2023-11-08 23:18:54
47189000,0.1573,0,2023-11-08 23:18:58
47188000,0.0003,0,2023-11-08 23:18:58
47187000,0.0003,0,2023-11-08 23:18:58
47186000,0.0994,0,2023-11-08 23:18:58
47185000,0.0469,0,2023-11-08 23:18:58
47199000,0.0377,1,2023-11-08 23:18:58
47200000,0.005,1,2023-11-08 23:18:58
47201000,0.0831,1,2023-11-08 23:18:58
47203000,0.0097,1,2023-11-08 23:18:58
47204000,0.0888,1,2023-11-08 23:18:58
47188000,0.0003,0,2023-11-08 23:19:02
47187000,0.0003,0,2023-11-08 23:19:02
47186000,0.0997,0,2023-11-08 23:19:02
47185000,0.0469,0,2023-11-08 23:19:02
47184000,0.0003,0,2023-11-08 23:19:02
47199000,0.0377,1,2023-11-08 23:19:02
47200000,0.005,1,2023-11-08 23:19:02
47201000,0.0831,1,2023-11-08 23:19:02
47203000,0.0097,1,2023-11-08 23:19:02
47204000,0.0888,1,2023-11-08 23:19:02
47190000,0.0319,0,2023-11-08 23:19:06
47189000,0.0768,0,2023-11-08 23:19:06
47188000,0.0003,0,2023-11-08 23:19:06
47187000,0.0003,0,2023-11-08 23:19:06
47186000,0.1529,0,2023-11-08 23:19:06
47200000,0.005,1,2023-11-08 23:19:06
47201000,0.0848,1,2023-11-08 23:19:06
47202000,0.0415,1,2023-11-08 23:19:06
47203000,0.0097,1,2023-11-08 23:19:06
47204000,0.0888,1,2023-11-08 23:19:06
47191000,0.0308,0,2023-11-08 23:19:10
47190000,0.0847,0,2023-11-08 23:19:10
47189000,0.0845,0,2023-11-08 23:19:10
47186000,0.0678,0,2023-11-08 23:19:10
47185000,0.0469,0,2023-11-08 23:19:10
47203000,0.0097,1,2023-11-08 23:19:10
47204000,0.0848,1,2023-11-08 23:19:10
47205000,0.0971,1,2023-11-08 23:19:10
47206000,0.0416,1,2023-11-08 23:19:10
47207000,0.0915,1,2023-11-08 23:19:10
47189000,0.0274,0,2023-11-08 23:19:14
47188000,0.0883,0,2023-11-08 23:19:14
47186000,0.0678,0,2023-11-08 23:19:14
47185000,0.0469,0,2023-11-08 23:19:14
47184000,0.0033,0,2023-11-08 23:19:14
47203000,0.0016,1,2023-11-08 23:19:14
47204000,0.0415,1,2023-11-08 23:19:14
47205000,0.0971,1,2023-11-08 23:19:14
47206000,0.0001,1,2023-11-08 23:19:14
47207000,0.0915,1,2023-11-08 23:19:14
47188000,0.0883,0,2023-11-08 23:19:18
47186000,0.0678,0,2023-11-08 23:19:18
47185000,0.074,0,2023-11-08 23:19:18
47184000,0.0033,0,2023-11-08 23:19:18
47183000,0.0931,0,2023-11-08 23:19:18
47204000,0.0378,1,2023-11-08 23:19:18
47205000,0.0971,1,2023-11-08 23:19:18
47206000,0.0001,1,2023-11-08 23:19:18
47207000,0.0915,1,2023-11-08 23:19:18
47208000,0.0001,1,2023-11-08 23:19:18
47187000,0.0271,0,2023-11-08 23:19:22
47186000,0.0678,0,2023-11-08 23:19:22
47185000,0.0469,0,2023-11-08 23:19:22
47184000,0.0003,0,2023-11-08 23:19:22
47183000,0.0931,0,2023-11-08 23:19:22
47203000,0.0415,1,2023-11-08 23:19:22
47204000,0.0881,1,2023-11-08 23:19:22
47205000,0.0968,1,2023-11-08 23:19:22
47206000,0.0001,1,2023-11-08 23:19:22
47207000,0.0915,1,2023-11-08 23:19:22
47187000,0.0271,0,2023-11-08 23:19:26
47186000,0.0678,0,2023-11-08 23:19:26
47185000,0.0469,0,2023-11-08 23:19:26
47184000,0.0003,0,2023-11-08 23:19:26
47183000,0.0931,0,2023-11-08 23:19:26
47203000,0.0415,1,2023-11-08 23:19:26
47204000,0.0881,1,2023-11-08 23:19:26
47205000,0.0968,1,2023-11-08 23:19:26
47206000,0.0001,1,2023-11-08 23:19:26
47207000,0.0915,1,2023-11-08 23:19:26
47187000,0.0271,0,2023-11-08 23:19:30
47186000,0.1518,0,2023-11-08 23:19:30
47185000,0.0469,0,2023-11-08 23:19:30
47184000,0.0003,0,2023-11-08 23:19:30
47183000,0.0931,0,2023-11-08 23:19:30
47203000,0.0394,1,2023-11-08 23:19:30
47204000,0.0881,1,2023-11-08 23:19:30
47205000,0.0968,1,2023-11-08 23:19:30
47206000,0.0101,1,2023-11-08 23:19:30
47207000,0.0915,1,2023-11-08 23:19:30
47186000,0.1518,0,2023-11-08 23:19:34
47185000,0.0469,0,2023-11-08 23:19:34
47184000,0.0261,0,2023-11-08 23:19:34
47183000,0.0931,0,2023-11-08 23:19:34
47182000,0.0001,0,2023-11-08 23:19:34
47201000,0.0415,1,2023-11-08 23:19:34
47203000,0.0003,1,2023-11-08 23:19:34
47204000,0.092,1,2023-11-08 23:19:34
47205000,0.0968,1,2023-11-08 23:19:34
47206000,0.0101,1,2023-11-08 23:19:34
47187000,0.0342,0,2023-11-08 23:19:38
47186000,0.1518,0,2023-11-08 23:19:38
47185000,0.0469,0,2023-11-08 23:19:38
47184000,0.0003,0,2023-11-08 23:19:38
47183000,0.0931,0,2023-11-08 23:19:38
47188000,0.0107,1,2023-11-08 23:19:38
47201000,0.0415,1,2023-11-08 23:19:38
47202000,0.0401,1,2023-11-08 23:19:38
47203000,0.0003,1,2023-11-08 23:19:38
47204000,0.092,1,2023-11-08 23:19:38
47189000,0.0398,0,2023-11-08 23:19:42
47188000,0.0077,0,2023-11-08 23:19:42
47186000,0.0678,0,2023-11-08 23:19:42
47185000,0.0469,0,2023-11-08 23:19:42
47184000,0.0003,0,2023-11-08 23:19:42
47201000,0.0415,1,2023-11-08 23:19:42
47202000,0.0401,1,2023-11-08 23:19:42
47203000,0.0003,1,2023-11-08 23:19:42
47204000,0.0924,1,2023-11-08 23:19:42
47205000,0.0968,1,2023-11-08 23:19:42
47187000,0.0415,0,2023-11-08 23:19:46
47186000,0.7468,0,2023-11-08 23:19:46
47185000,0.0469,0,2023-11-08 23:19:46
47184000,0.0003,0,2023-11-08 23:19:46
47183000,0.0931,0,2023-11-08 23:19:46
47202000,0.0369,1,2023-11-08 23:19:46
47203000,0.0003,1,2023-11-08 23:19:46
47204000,0.0924,1,2023-11-08 23:19:46
47205000,0.0968,1,2023-11-08 23:19:46
47206000,0.0101,1,2023-11-08 23:19:46
47204000,0.0935,0,2023-11-08 23:19:50
47202000,0.0036,0,2023-11-08 23:19:50
47198000,0.0417,0,2023-11-08 23:19:50
47197000,0.0452,0,2023-11-08 23:19:50
47196000,0.0848,0,2023-11-08 23:19:50
47207000,0.005,1,2023-11-08 23:19:50
47208000,0.0001,1,2023-11-08 23:19:50
47209000,0.0003,1,2023-11-08 23:19:50
47211000,0.0008,1,2023-11-08 23:19:50
47212000,0.0103,1,2023-11-08 23:19:50
47205000,0.0113,0,2023-11-08 23:19:54
47204000,0.0935,0,2023-11-08 23:19:54
47198000,0.0417,0,2023-11-08 23:19:54
47197000,0.0452,0,2023-11-08 23:19:54
47196000,0.0848,0,2023-11-08 23:19:54
47212000,0.0115,1,2023-11-08 23:19:54
47213000,0.0001,1,2023-11-08 23:19:54
47214000,0.0386,1,2023-11-08 23:19:54
47215000,0.1834,1,2023-11-08 23:19:54
47216000,0.0578,1,2023-11-08 23:19:54
47205000,0.058,0,2023-11-08 23:19:58
47204000,0.0935,0,2023-11-08 23:19:58
47197000,0.0452,0,2023-11-08 23:19:58
47196000,0.0848,0,2023-11-08 23:19:58
47194000,0.0703,0,2023-11-08 23:19:58
47214000,0.0044,1,2023-11-08 23:19:58
47215000,0.1834,1,2023-11-08 23:19:58
47216000,0.0909,1,2023-11-08 23:19:58
47217000,0.127,1,2023-11-08 23:19:58
47218000,0.0003,1,2023-11-08 23:19:58
47205000,0.0897,0,2023-11-08 23:20:02
47204000,0.0935,0,2023-11-08 23:20:02
47200000,0.0002,0,2023-11-08 23:20:02
47197000,0.0452,0,2023-11-08 23:20:02
47196000,0.0853,0,2023-11-08 23:20:02
47215000,0.2104,1,2023-11-08 23:20:02
47216000,0.0578,1,2023-11-08 23:20:02
47217000,0.0848,1,2023-11-08 23:20:02
47218000,0.0003,1,2023-11-08 23:20:02
47219000,0.0003,1,2023-11-08 23:20:02
47203000,0.0847,0,2023-11-08 23:20:06
47200000,0.0052,0,2023-11-08 23:20:06
47197000,0.0417,0,2023-11-08 23:20:06
47196000,0.0853,0,2023-11-08 23:20:06
47194000,0.0038,0,2023-11-08 23:20:06
47211000,0.0311,1,2023-11-08 23:20:06
47212000,0.005,1,2023-11-08 23:20:06
47214000,0.0053,1,2023-11-08 23:20:06
47215000,0.2622,1,2023-11-08 23:20:06
47216000,0.0578,1,2023-11-08 23:20:06
47193000,0.0239,0,2023-11-08 23:20:09
47192000,0.048,0,2023-11-08 23:20:09
47189000,0.132,0,2023-11-08 23:20:09
47186000,0.6842,0,2023-11-08 23:20:09
47185000,0.0467,0,2023-11-08 23:20:09
47206000,0.0332,1,2023-11-08 23:20:09
47207000,0.0895,1,2023-11-08 23:20:09
47210000,0.0846,1,2023-11-08 23:20:09
47213000,0.007,1,2023-11-08 23:20:09
47214000,0.0053,1,2023-11-08 23:20:09
47194000,0.0847,0,2023-11-08 23:20:13
47193000,0.0465,0,2023-11-08 23:20:13
47192000,0.048,0,2023-11-08 23:20:13
47189000,0.1321,0,2023-11-08 23:20:13
47186000,0.6842,0,2023-11-08 23:20:13
47205000,0.0242,1,2023-11-08 23:20:13
47206000,0.005,1,2023-11-08 23:20:13
47207000,0.1743,1,2023-11-08 23:20:13
47210000,0.0846,1,2023-11-08 23:20:13
47213000,0.0072,1,2023-11-08 23:20:13
47205000,0.0002,0,2023-11-08 23:20:17
47197000,0.0415,0,2023-11-08 23:20:17
47196000,0.0042,0,2023-11-08 23:20:17
47194000,0.0001,0,2023-11-08 23:20:17
47192000,0.1358,0,2023-11-08 23:20:17
47210000,0.0831,1,2023-11-08 23:20:17
47212000,0.0301,1,2023-11-08 23:20:17
47213000,0.0041,1,2023-11-08 23:20:17
47214000,2.4053,1,2023-11-08 23:20:17
47215000,0.1774,1,2023-11-08 23:20:17
47196000,0.0042,0,2023-11-08 23:20:21
47193000,0.0415,0,2023-11-08 23:20:21
47192000,0.1358,0,2023-11-08 23:20:21
47189000,0.1321,0,2023-11-08 23:20:21
47187000,0.1091,0,2023-11-08 23:20:21
47202000,0.0094,1,2023-11-08 23:20:21
47209000,0.0263,1,2023-11-08 23:20:21
47210000,0.0831,1,2023-11-08 23:20:21
47213000,0.0041,1,2023-11-08 23:20:21
47214000,2.4053,1,2023-11-08 23:20:21
47199000,0.0002,0,2023-11-08 23:20:25
47194000,0.0415,0,2023-11-08 23:20:25
47193000,0.0002,0,2023-11-08 23:20:25
47192000,0.1375,0,2023-11-08 23:20:25
47191000,0.0847,0,2023-11-08 23:20:25
47201000,0.0176,1,2023-11-08 23:20:25
47207000,0.0002,1,2023-11-08 23:20:25
47209000,0.0263,1,2023-11-08 23:20:25
47210000,0.0831,1,2023-11-08 23:20:25
47211000,0.0005,1,2023-11-08 23:20:25
47199000,0.0002,0,2023-11-08 23:20:29
47198000,0.0002,0,2023-11-08 23:20:29
47196000,0.0002,0,2023-11-08 23:20:29
47195000,0.0002,0,2023-11-08 23:20:29
47193000,0.0417,0,2023-11-08 23:20:29
47209000,0.0171,1,2023-11-08 23:20:29
47210000,0.0831,1,2023-11-08 23:20:29
47211000,0.0005,1,2023-11-08 23:20:29
47213000,0.0041,1,2023-11-08 23:20:29
47214000,2.4688,1,2023-11-08 23:20:29
47199000,0.0002,0,2023-11-08 23:20:33
47198000,0.0002,0,2023-11-08 23:20:33
47196000,0.0002,0,2023-11-08 23:20:33
47195000,0.0002,0,2023-11-08 23:20:33
47194000,0.0002,0,2023-11-08 23:20:33
47209000,0.011,1,2023-11-08 23:20:33
47210000,0.0831,1,2023-11-08 23:20:33
47211000,0.0005,1,2023-11-08 23:20:33
47213000,0.0091,1,2023-11-08 23:20:33
47214000,2.5323,1,2023-11-08 23:20:33
47202000,0.021,0,2023-11-08 23:20:37
47199000,0.0002,0,2023-11-08 23:20:37
47198000,0.0002,0,2023-11-08 23:20:37
47196000,0.0002,0,2023-11-08 23:20:37
47195000,0.0002,0,2023-11-08 23:20:37
47210000,0.0831,1,2023-11-08 23:20:37
47211000,0.0005,1,2023-11-08 23:20:37
47212000,0.0241,1,2023-11-08 23:20:37
47213000,0.0091,1,2023-11-08 23:20:37
47214000,2.4688,1,2023-11-08 23:20:37
47202000,0.021,0,2023-11-08 23:20:41
47199000,0.0002,0,2023-11-08 23:20:41
47198000,0.0002,0,2023-11-08 23:20:41
47196000,0.0414,0,2023-11-08 23:20:41
47195000,0.0849,0,2023-11-08 23:20:41
47205000,0.0118,1,2023-11-08 23:20:41
47210000,0.0831,1,2023-11-08 23:20:41
47211000,0.0235,1,2023-11-08 23:20:41
47212000,0.0848,1,2023-11-08 23:20:41
47213000,0.0091,1,2023-11-08 23:20:41
47192000,0.0342,0,2023-11-08 23:20:45
47191000,0.0002,0,2023-11-08 23:20:45
47189000,0.0002,0,2023-11-08 23:20:45
47188000,0.0414,0,2023-11-08 23:20:45
47187000,0.0213,0,2023-11-08 23:20:45
47196000,0.0094,1,2023-11-08 23:20:45
47201000,0.023,1,2023-11-08 23:20:45
47202000,0.0832,1,2023-11-08 23:20:45
47203000,0.0038,1,2023-11-08 23:20:45
47204000,0.0029,1,2023-11-08 23:20:45
47192000,0.0002,0,2023-11-08 23:20:49
47191000,0.0002,0,2023-11-08 23:20:49
47189000,0.0002,0,2023-11-08 23:20:49
47188000,0.0002,0,2023-11-08 23:20:49
47187000,0.0213,0,2023-11-08 23:20:49
47196000,0.0094,1,2023-11-08 23:20:49
47197000,0.0229,1,2023-11-08 23:20:49
47198000,0.0832,1,2023-11-08 23:20:49
47199000,0.003,1,2023-11-08 23:20:49
47202000,0.168,1,2023-11-08 23:20:49
47187000,0.0174,0,2023-11-08 23:20:53
47186000,0.6762,0,2023-11-08 23:20:53
47185000,0.0023,0,2023-11-08 23:20:53
47184000,0.0003,0,2023-11-08 23:20:53
47182000,0.0003,0,2023-11-08 23:20:53
47196000,0.0025,1,2023-11-08 23:20:53
47198000,0.1061,1,2023-11-08 23:20:53
47199000,0.003,1,2023-11-08 23:20:53
47200000,0.0002,1,2023-11-08 23:20:53
47202000,0.168,1,2023-11-08 23:20:53
47187000,0.0541,0,2023-11-08 23:20:57
47186000,0.5915,0,2023-11-08 23:20:57
47185000,0.0023,0,2023-11-08 23:20:57
47184000,0.0003,0,2023-11-08 23:20:57
47182000,0.0003,0,2023-11-08 23:20:57
47198000,0.0824,1,2023-11-08 23:20:57
47199000,0.003,1,2023-11-08 23:20:57
47200000,0.0002,1,2023-11-08 23:20:57
47201000,0.0229,1,2023-11-08 23:20:57
47202000,0.0832,1,2023-11-08 23:20:57
47187000,0.0434,0,2023-11-08 23:21:01
47186000,0.5915,0,2023-11-08 23:21:01
47185000,0.0023,0,2023-11-08 23:21:01
47184000,0.0003,0,2023-11-08 23:21:01
47182000,0.0003,0,2023-11-08 23:21:01
47198000,0.0824,1,2023-11-08 23:21:01
47199000,0.003,1,2023-11-08 23:21:01
47200000,0.0002,1,2023-11-08 23:21:01
47201000,0.0229,1,2023-11-08 23:21:01
47202000,0.0832,1,2023-11-08 23:21:01
47186000,0.5915,0,2023-11-08 23:21:05
47185000,0.0023,0,2023-11-08 23:21:05
47184000,0.0003,0,2023-11-08 23:21:05
47182000,0.0414,0,2023-11-08 23:21:05
47181000,0.0128,0,2023-11-08 23:21:05
47196000,0.0635,1,2023-11-08 23:21:05
47197000,0.0257,1,2023-11-08 23:21:05
47198000,0.0824,1,2023-11-08 23:21:05
47199000,0.003,1,2023-11-08 23:21:05
47200000,0.0002,1,2023-11-08 23:21:05
47187000,0.041,0,2023-11-08 23:21:09
47186000,0.5853,0,2023-11-08 23:21:09
47185000,0.0023,0,2023-11-08 23:21:09
47184000,0.0003,0,2023-11-08 23:21:09
47182000,0.0869,0,2023-11-08 23:21:09
47198000,0.0691,1,2023-11-08 23:21:09
47199000,0.003,1,2023-11-08 23:21:09
47200000,0.0002,1,2023-11-08 23:21:09
47201000,0.0256,1,2023-11-08 23:21:09
47202000,0.0832,1,2023-11-08 23:21:09
47187000,0.041,0,2023-11-08 23:21:13
47186000,0.5853,0,2023-11-08 23:21:13
47185000,0.0023,0,2023-11-08 23:21:13
47184000,0.0003,0,2023-11-08 23:21:13
47182000,0.0869,0,2023-11-08 23:21:13
47200000,0.0002,1,2023-11-08 23:21:13
47201000,0.0256,1,2023-11-08 23:21:13
47202000,0.0832,1,2023-11-08 23:21:13
47203000,0.0125,1,2023-11-08 23:21:13
47204000,0.0466,1,2023-11-08 23:21:13
47186000,0.5811,0,2023-11-08 23:21:17
47185000,0.0023,0,2023-11-08 23:21:17
47184000,0.0003,0,2023-11-08 23:21:17
47183000,0.0408,0,2023-11-08 23:21:17
47182000,0.1716,0,2023-11-08 23:21:17
47192000,0.1236,1,2023-11-08 23:21:17
47193000,0.0002,1,2023-11-08 23:21:17
47196000,0.0848,1,2023-11-08 23:21:17
47200000,0.0002,1,2023-11-08 23:21:17
47201000,0.0256,1,2023-11-08 23:21:17
47186000,0.5811,0,2023-11-08 23:21:21
47185000,0.0023,0,2023-11-08 23:21:21
47184000,0.0003,0,2023-11-08 23:21:21
47182000,0.0869,0,2023-11-08 23:21:21
47181000,0.0128,0,2023-11-08 23:21:21
47192000,0.1234,1,2023-11-08 23:21:21
47193000,0.0002,1,2023-11-08 23:21:21
47198000,0.0255,1,2023-11-08 23:21:21
47199000,0.0831,1,2023-11-08 23:21:21
47200000,0.0002,1,2023-11-08 23:21:21
47186000,0.5811,0,2023-11-08 23:21:25
47185000,0.0023,0,2023-11-08 23:21:25
47184000,0.0003,0,2023-11-08 23:21:25
47183000,0.0407,0,2023-11-08 23:21:25
47182000,0.0869,0,2023-11-08 23:21:25
47187000,0.0064,1,2023-11-08 23:21:25
47192000,0.1148,1,2023-11-08 23:21:25
47193000,0.0002,1,2023-11-08 23:21:25
47198000,0.0255,1,2023-11-08 23:21:25
47199000,0.0831,1,2023-11-08 23:21:25
47187000,0.0001,0,2023-11-08 23:21:29
47186000,0.5811,0,2023-11-08 23:21:29
47185000,0.0429,0,2023-11-08 23:21:29
47184000,0.018,0,2023-11-08 23:21:29
47182000,0.0868,0,2023-11-08 23:21:29
47192000,0.1148,1,2023-11-08 23:21:29
47193000,0.0002,1,2023-11-08 23:21:29
47198000,0.0254,1,2023-11-08 23:21:29
47199000,0.0831,1,2023-11-08 23:21:29
47200000,0.0002,1,2023-11-08 23:21:29
47186000,0.5812,0,2023-11-08 23:21:33
47185000,0.0426,0,2023-11-08 23:21:33
47184000,0.0181,0,2023-11-08 23:21:33
47183000,0.0001,0,2023-11-08 23:21:33
47182000,0.0868,0,2023-11-08 23:21:33
47190000,0.0001,1,2023-11-08 23:21:33
47198000,0.0223,1,2023-11-08 23:21:33
47199000,0.0831,1,2023-11-08 23:21:33
47200000,0.0002,1,2023-11-08 23:21:33
47202000,0.0832,1,2023-11-08 23:21:33
47187000,0.0403,0,2023-11-08 23:21:37
47186000,0.5812,0,2023-11-08 23:21:37
47185000,0.0022,0,2023-11-08 23:21:37
47184000,0.0181,0,2023-11-08 23:21:37
47183000,0.0001,0,2023-11-08 23:21:37
47199000,0.0831,1,2023-11-08 23:21:37
47200000,0.0002,1,2023-11-08 23:21:37
47201000,0.0183,1,2023-11-08 23:21:37
47202000,0.0832,1,2023-11-08 23:21:37
47203000,0.0125,1,2023-11-08 23:21:37
47187000,0.0322,0,2023-11-08 23:21:41
47186000,0.5814,0,2023-11-08 23:21:41
47185000,0.0022,0,2023-11-08 23:21:41
47184000,0.0181,0,2023-11-08 23:21:41
47183000,0.0001,0,2023-11-08 23:21:41
47197000,0.0001,1,2023-11-08 23:21:41
47198000,0.0561,1,2023-11-08 23:21:41
47200000,0.0002,1,2023-11-08 23:21:41
47201000,0.0183,1,2023-11-08 23:21:41
47202000,0.0832,1,2023-11-08 23:21:41
47187000,0.0403,0,2023-11-08 23:21:45
47186000,0.5188,0,2023-11-08 23:21:45
47185000,0.0875,0,2023-11-08 23:21:45
47184000,0.0181,0,2023-11-08 23:21:45
47183000,0.0001,0,2023-11-08 23:21:45
47200000,0.0001,1,2023-11-08 23:21:45
47201000,0.0106,1,2023-11-08 23:21:45
47202000,0.0832,1,2023-11-08 23:21:45
47203000,0.0095,1,2023-11-08 23:21:45
47204000,0.0466,1,2023-11-08 23:21:45
47187000,0.0356,0,2023-11-08 23:21:48
47186000,0.5188,0,2023-11-08 23:21:48
47185000,0.0875,0,2023-11-08 23:21:48
47184000,0.0181,0,2023-11-08 23:21:48
47183000,0.0001,0,2023-11-08 23:21:48
47199000,0.0252,1,2023-11-08 23:21:48
47200000,0.0635,1,2023-11-08 23:21:48
47201000,0.0001,1,2023-11-08 23:21:48
47202000,0.0832,1,2023-11-08 23:21:48
47203000,0.0096,1,2023-11-08 23:21:48
47188000,0.0519,0,2023-11-08 23:21:52
47186000,0.5188,0,2023-11-08 23:21:52
47185000,0.0022,0,2023-11-08 23:21:52
47184000,0.0181,0,2023-11-08 23:21:52
47183000,0.0403,0,2023-11-08 23:21:52
47189000,0.0403,1,2023-11-08 23:21:52
47198000,0.0299,1,2023-11-08 23:21:52
47199000,0.0876,1,2023-11-08 23:21:52
47201000,0.0001,1,2023-11-08 23:21:52
47202000,0.0832,1,2023-11-08 23:21:52
47186000,0.1812,0,2023-11-08 23:21:56
47185000,0.0022,0,2023-11-08 23:21:56
47184000,0.0181,0,2023-11-08 23:21:56
47183000,0.0001,0,2023-11-08 23:21:56
47182000,0.0002,0,2023-11-08 23:21:56
47187000,0.0171,1,2023-11-08 23:21:56
47190000,0.0887,1,2023-11-08 23:21:56
47192000,0.03,1,2023-11-08 23:21:56
47193000,0.0069,1,2023-11-08 23:21:56
47194000,0.1389,1,2023-11-08 23:21:56
47186000,0.0115,0,2023-11-08 23:22:00
47185000,0.0022,0,2023-11-08 23:22:00
47184000,0.0181,0,2023-11-08 23:22:00
47183000,0.0001,0,2023-11-08 23:22:00
47182000,0.0002,0,2023-11-08 23:22:00
47187000,0.127,1,2023-11-08 23:22:00
47189000,0.0302,1,2023-11-08 23:22:00
47190000,0.0887,1,2023-11-08 23:22:00
47193000,0.0069,1,2023-11-08 23:22:00
47194000,0.1389,1,2023-11-08 23:22:00
47178000,0.0081,0,2023-11-08 23:22:04
47177000,0.0115,0,2023-11-08 23:22:04
47176000,0.0409,0,2023-11-08 23:22:04
47175000,0.0502,0,2023-11-08 23:22:04
47174000,0.0003,0,2023-11-08 23:22:04
47188000,0.1132,1,2023-11-08 23:22:04
47189000,0.0666,1,2023-11-08 23:22:04
47190000,0.0968,1,2023-11-08 23:22:04
47191000,0.0874,1,2023-11-08 23:22:04
47193000,0.0069,1,2023-11-08 23:22:04
47177000,0.0017,0,2023-11-08 23:22:08
47176000,0.0407,0,2023-11-08 23:22:08
47175000,0.05,0,2023-11-08 23:22:08
47174000,0.0124,0,2023-11-08 23:22:08
47173000,0.0895,0,2023-11-08 23:22:08
47188000,0.0297,1,2023-11-08 23:22:08
47189000,0.1301,1,2023-11-08 23:22:08
47190000,0.0968,1,2023-11-08 23:22:08
47191000,0.0874,1,2023-11-08 23:22:08
47194000,0.1389,1,2023-11-08 23:22:08
47172000,0.0044,0,2023-11-08 23:22:12
47171000,0.0405,0,2023-11-08 23:22:12
47170000,0.025,0,2023-11-08 23:22:12
47169000,0.017,0,2023-11-08 23:22:12
47168000,0.052,0,2023-11-08 23:22:12
47176000,0.0277,1,2023-11-08 23:22:12
47184000,0.0929,1,2023-11-08 23:22:12
47185000,0.0849,1,2023-11-08 23:22:12
47186000,0.0841,1,2023-11-08 23:22:12
47188000,0.0002,1,2023-11-08 23:22:12
47172000,0.0044,0,2023-11-08 23:22:16
47171000,0.0003,0,2023-11-08 23:22:16
47170000,0.0651,0,2023-11-08 23:22:16
47169000,0.017,0,2023-11-08 23:22:16
47168000,0.052,0,2023-11-08 23:22:16
47176000,0.0212,1,2023-11-08 23:22:16
47185000,0.0297,1,2023-11-08 23:22:16
47186000,0.0841,1,2023-11-08 23:22:16
47188000,0.0002,1,2023-11-08 23:22:16
47189000,0.0031,1,2023-11-08 23:22:16
47169000,0.0571,0,2023-11-08 23:22:20
47168000,0.052,0,2023-11-08 23:22:20
47167000,0.1024,0,2023-11-08 23:22:20
47166000,0.0015,0,2023-11-08 23:22:20
47165000,0.0502,0,2023-11-08 23:22:20
47175000,0.0758,1,2023-11-08 23:22:20
47176000,0.0202,1,2023-11-08 23:22:20
47185000,0.0298,1,2023-11-08 23:22:20
47186000,0.0841,1,2023-11-08 23:22:20
47188000,0.0002,1,2023-11-08 23:22:20
47174000,0.0002,0,2023-11-08 23:22:24
47169000,0.0075,0,2023-11-08 23:22:24
47168000,0.052,0,2023-11-08 23:22:24
47167000,0.0138,0,2023-11-08 23:22:24
47166000,0.0416,0,2023-11-08 23:22:24
47175000,0.012,1,2023-11-08 23:22:24
47176000,0.0202,1,2023-11-08 23:22:24
47179000,0.0838,1,2023-11-08 23:22:24
47181000,0.0039,1,2023-11-08 23:22:24
47182000,0.0458,1,2023-11-08 23:22:24
47161000,0.0563,0,2023-11-08 23:22:28
47160000,0.0001,0,2023-11-08 23:22:28
47159000,0.0001,0,2023-11-08 23:22:28
47158000,0.0005,0,2023-11-08 23:22:28
47157000,0.0001,0,2023-11-08 23:22:28
47165000,0.0487,1,2023-11-08 23:22:28
47167000,0.045,1,2023-11-08 23:22:28
47168000,0.0518,1,2023-11-08 23:22:28
47170000,0.0844,1,2023-11-08 23:22:28
47172000,0.0442,1,2023-11-08 23:22:28
47159000,0.0047,0,2023-11-08 23:22:32
47158000,0.0213,0,2023-11-08 23:22:32
47157000,0.0001,0,2023-11-08 23:22:32
47156000,0.0001,0,2023-11-08 23:22:32
47154000,0.0003,0,2023-11-08 23:22:32
47164000,0.031,1,2023-11-08 23:22:32
47165000,0.1439,1,2023-11-08 23:22:32
47168000,0.0518,1,2023-11-08 23:22:32
47170000,0.0844,1,2023-11-08 23:22:32
47172000,0.0479,1,2023-11-08 23:22:32
47164000,0.0002,0,2023-11-08 23:22:36
47162000,0.0244,0,2023-11-08 23:22:36
47158000,0.0017,0,2023-11-08 23:22:36
47157000,0.0334,0,2023-11-08 23:22:36
47156000,0.0205,0,2023-11-08 23:22:36
47165000,0.0462,1,2023-11-08 23:22:36
47167000,0.0302,1,2023-11-08 23:22:36
47168000,0.0518,1,2023-11-08 23:22:36
47170000,0.0844,1,2023-11-08 23:22:36
47171000,0.0191,1,2023-11-08 23:22:36
47160000,0.0251,0,2023-11-08 23:22:40
47159000,0.0145,0,2023-11-08 23:22:40
47158000,0.038,0,2023-11-08 23:22:40
47157000,0.0219,0,2023-11-08 23:22:40
47156000,0.0205,0,2023-11-08 23:22:40
47163000,0.0479,1,2023-11-08 23:22:40
47164000,0.0225,1,2023-11-08 23:22:40
47165000,0.0462,1,2023-11-08 23:22:40
47168000,0.0518,1,2023-11-08 23:22:40
47169000,0.0329,1,2023-11-08 23:22:40
47162000,0.0155,0,2023-11-08 23:22:44
47161000,0.0232,0,2023-11-08 23:22:44
47159000,0.0448,0,2023-11-08 23:22:44
47158000,0.0257,0,2023-11-08 23:22:44
47157000,0.0219,0,2023-11-08 23:22:44
47165000,0.0022,1,2023-11-08 23:22:44
47170000,0.1218,1,2023-11-08 23:22:44
47171000,0.0191,1,2023-11-08 23:22:44
47172000,0.0717,1,2023-11-08 23:22:44
47173000,0.1139,1,2023-11-08 23:22:44
47168000,0.0249,0,2023-11-08 23:22:48
47163000,0.0098,0,2023-11-08 23:22:48
47162000,0.0162,0,2023-11-08 23:22:48
47160000,0.0368,0,2023-11-08 23:22:48
47159000,0.0111,0,2023-11-08 23:22:48
47171000,0.0191,1,2023-11-08 23:22:48
47172000,0.0719,1,2023-11-08 23:22:48
47173000,0.1139,1,2023-11-08 23:22:48
47174000,0.0716,1,2023-11-08 23:22:48
47175000,0.0647,1,2023-11-08 23:22:48
47166000,0.0225,0,2023-11-08 23:22:52
47165000,0.0196,0,2023-11-08 23:22:52
47164000,0.0123,0,2023-11-08 23:22:52
47163000,0.0585,0,2023-11-08 23:22:52
47162000,0.0162,0,2023-11-08 23:22:52
47167000,0.0635,1,2023-11-08 23:22:52
47168000,0.0251,1,2023-11-08 23:22:52
47170000,0.0251,1,2023-11-08 23:22:52
47171000,0.0191,1,2023-11-08 23:22:52
47172000,0.0277,1,2023-11-08 23:22:52
47165000,0.0074,0,2023-11-08 23:22:56
47164000,0.0123,0,2023-11-08 23:22:56
47163000,0.0219,0,2023-11-08 23:22:56
47162000,0.0162,0,2023-11-08 23:22:56
47160000,0.0365,0,2023-11-08 23:22:56
47167000,0.127,1,2023-11-08 23:22:56
47168000,0.0251,1,2023-11-08 23:22:56
47169000,0.0248,1,2023-11-08 23:22:56
47170000,0.0251,1,2023-11-08 23:22:56
47171000,0.0191,1,2023-11-08 23:22:56
47164000,0.0123,0,2023-11-08 23:23:00
47163000,0.0225,0,2023-11-08 23:23:00
47162000,0.0162,0,2023-11-08 23:23:00
47161000,0.0001,0,2023-11-08 23:23:00
47160000,0.0366,0,2023-11-08 23:23:00
47168000,0.0251,1,2023-11-08 23:23:00
47169000,0.0248,1,2023-11-08 23:23:00
47170000,0.0251,1,2023-11-08 23:23:00
47171000,0.0191,1,2023-11-08 23:23:00
47172000,0.0612,1,2023-11-08 23:23:00
47164000,0.0098,0,2023-11-08 23:23:04
47163000,0.0108,0,2023-11-08 23:23:04
47162000,0.0163,0,2023-11-08 23:23:04
47161000,0.0001,0,2023-11-08 23:23:04
47160000,0.0001,0,2023-11-08 23:23:04
47168000,0.0251,1,2023-11-08 23:23:04
47169000,0.0248,1,2023-11-08 23:23:04
47170000,0.0251,1,2023-11-08 23:23:04
47171000,0.0191,1,2023-11-08 23:23:04
47172000,0.1108,1,2023-11-08 23:23:04
47159000,0.0001,0,2023-11-08 23:23:08
47158000,0.0186,0,2023-11-08 23:23:08
47157000,0.0222,0,2023-11-08 23:23:08
47156000,0.0617,0,2023-11-08 23:23:08
47155000,0.0231,0,2023-11-08 23:23:08
47160000,0.0011,1,2023-11-08 23:23:08
47163000,0.0162,1,2023-11-08 23:23:08
47164000,1.017,1,2023-11-08 23:23:08
47166000,0.0196,1,2023-11-08 23:23:08
47168000,0.0251,1,2023-11-08 23:23:08
47158000,0.0667,0,2023-11-08 23:23:12
47157000,0.0204,0,2023-11-08 23:23:12
47156000,0.1061,0,2023-11-08 23:23:12
47155000,0.0231,0,2023-11-08 23:23:12
47154000,0.0145,0,2023-11-08 23:23:12
47165000,0.8392,1,2023-11-08 23:23:12
47166000,0.0124,1,2023-11-08 23:23:12
47168000,0.0251,1,2023-11-08 23:23:12
47169000,0.0582,1,2023-11-08 23:23:12
47170000,0.0251,1,2023-11-08 23:23:12
47165000,0.0039,0,2023-11-08 23:23:16
47161000,0.0362,0,2023-11-08 23:23:16
47160000,0.0128,0,2023-11-08 23:23:16
47159000,0.0179,0,2023-11-08 23:23:16
47158000,0.0184,0,2023-11-08 23:23:16
47166000,0.0208,1,2023-11-08 23:23:16
47168000,0.0072,1,2023-11-08 23:23:16
47169000,0.0248,1,2023-11-08 23:23:16
47170000,0.9491,1,2023-11-08 23:23:16
47171000,0.065,1,2023-11-08 23:23:16
47162000,0.0097,0,2023-11-08 23:23:20
47160000,0.0128,0,2023-11-08 23:23:20
47159000,0.0179,0,2023-11-08 23:23:20
47158000,0.0184,0,2023-11-08 23:23:20
47157000,0.0204,0,2023-11-08 23:23:20
47166000,0.0153,1,2023-11-08 23:23:20
47168000,0.0072,1,2023-11-08 23:23:20
47169000,0.0248,1,2023-11-08 23:23:20
47170000,0.8643,1,2023-11-08 23:23:20
47171000,0.065,1,2023-11-08 23:23:20
47159000,0.0229,0,2023-11-08 23:23:23
47158000,0.3621,0,2023-11-08 23:23:23
47157000,0.0204,0,2023-11-08 23:23:23
47156000,0.11,0,2023-11-08 23:23:23
47155000,0.0231,0,2023-11-08 23:23:23
47164000,0.0218,1,2023-11-08 23:23:23
47167000,0.0128,1,2023-11-08 23:23:23
47168000,0.8464,1,2023-11-08 23:23:23
47169000,0.1458,1,2023-11-08 23:23:23
47170000,0.0251,1,2023-11-08 23:23:23
47164000,0.0004,0,2023-11-08 23:23:27
47163000,0.0151,0,2023-11-08 23:23:27
47160000,0.0339,0,2023-11-08 23:23:27
47159000,0.0179,0,2023-11-08 23:23:27
47158000,0.0184,0,2023-11-08 23:23:27
47165000,0.0128,1,2023-11-08 23:23:27
47167000,0.0006,1,2023-11-08 23:23:27
47168000,0.0072,1,2023-11-08 23:23:27
47169000,0.864,1,2023-11-08 23:23:27
47170000,0.0251,1,2023-11-08 23:23:27
47163000,0.0026,0,2023-11-08 23:23:31
47160000,0.0339,0,2023-11-08 23:23:31
47159000,0.0179,0,2023-11-08 23:23:31
47158000,0.0184,0,2023-11-08 23:23:31
47157000,0.0204,0,2023-11-08 23:23:31
47168000,0.0051,1,2023-11-08 23:23:31
47169000,0.0248,1,2023-11-08 23:23:31
47170000,0.0251,1,2023-11-08 23:23:31
47171000,0.065,1,2023-11-08 23:23:31
47172000,0.1108,1,2023-11-08 23:23:31
47164000,0.0007,0,2023-11-08 23:23:35
47160000,0.3655,0,2023-11-08 23:23:35
47159000,0.0179,0,2023-11-08 23:23:35
47158000,0.0184,0,2023-11-08 23:23:35
47157000,0.0204,0,2023-11-08 23:23:35
47168000,0.8182,1,2023-11-08 23:23:35
47169000,0.0199,1,2023-11-08 23:23:35
47170000,0.1099,1,2023-11-08 23:23:35
47171000,0.065,1,2023-11-08 23:23:35
47172000,0.0277,1,2023-11-08 23:23:35
47164000,0.0057,0,2023-11-08 23:23:39
47161000,0.034,0,2023-11-08 23:23:39
47160000,0.3315,0,2023-11-08 23:23:39
47159000,0.0179,0,2023-11-08 23:23:39
47158000,0.1031,0,2023-11-08 23:23:39
47169000,0.0199,1,2023-11-08 23:23:39
47170000,0.8039,1,2023-11-08 23:23:39
47171000,0.065,1,2023-11-08 23:23:39
47172000,0.0277,1,2023-11-08 23:23:39
47173000,0.0249,1,2023-11-08 23:23:39
47164000,0.0057,0,2023-11-08 23:23:43
47161000,0.034,0,2023-11-08 23:23:43
47160000,0.3315,0,2023-11-08 23:23:43
47159000,0.0179,0,2023-11-08 23:23:43
47158000,0.1031,0,2023-11-08 23:23:43
47169000,0.0166,1,2023-11-08 23:23:43
47170000,0.0251,1,2023-11-08 23:23:43
47171000,0.065,1,2023-11-08 23:23:43
47172000,0.0277,1,2023-11-08 23:23:43
47173000,0.0249,1,2023-11-08 23:23:43
47168000,0.0208,0,2023-11-08 23:23:47
47161000,0.0338,0,2023-11-08 23:23:47
47160000,0.3315,0,2023-11-08 23:23:47
47159000,0.1026,0,2023-11-08 23:23:47
47158000,0.1031,0,2023-11-08 23:23:47
47170000,0.7902,1,2023-11-08 23:23:47
47171000,0.1039,1,2023-11-08 23:23:47
47172000,0.0277,1,2023-11-08 23:23:47
47173000,0.0249,1,2023-11-08 23:23:47
47174000,0.0716,1,2023-11-08 23:23:47
47168000,0.011,0,2023-11-08 23:23:51
47161000,0.0338,0,2023-11-08 23:23:51
47160000,0.4162,0,2023-11-08 23:23:51
47159000,0.0179,0,2023-11-08 23:23:51
47158000,0.1031,0,2023-11-08 23:23:51
47169000,0.0151,1,2023-11-08 23:23:51
47170000,0.0035,1,2023-11-08 23:23:51
47171000,0.0191,1,2023-11-08 23:23:51
47172000,0.8065,1,2023-11-08 23:23:51
47173000,0.0249,1,2023-11-08 23:23:51
47161000,0.005,0,2023-11-08 23:23:55
47160000,0.3315,0,2023-11-08 23:23:55
47159000,0.0179,0,2023-11-08 23:23:55
47158000,0.0589,0,2023-11-08 23:23:55
47157000,0.0302,0,2023-11-08 23:23:55
47164000,0.0001,1,2023-11-08 23:23:55
47169000,0.0512,1,2023-11-08 23:23:55
47170000,0.7823,1,2023-11-08 23:23:55
47171000,0.0191,1,2023-11-08 23:23:55
47172000,0.0277,1,2023-11-08 23:23:55
47161000,0.0052,0,2023-11-08 23:23:59
47160000,0.3315,0,2023-11-08 23:23:59
47159000,0.0504,0,2023-11-08 23:23:59
47158000,0.0265,0,2023-11-08 23:23:59
47157000,0.0302,0,2023-11-08 23:23:59
47164000,0.0034,1,2023-11-08 23:23:59
47169000,0.0511,1,2023-11-08 23:23:59
47170000,0.7823,1,2023-11-08 23:23:59
47171000,0.0191,1,2023-11-08 23:23:59
47172000,0.1175,1,2023-11-08 23:23:59
47160000,0.3167,0,2023-11-08 23:24:03
47159000,0.0503,0,2023-11-08 23:24:03
47158000,0.0265,0,2023-11-08 23:24:03
47157000,0.0302,0,2023-11-08 23:24:03
47156000,0.0214,0,2023-11-08 23:24:03
47170000,0.8076,1,2023-11-08 23:24:03
47171000,0.0191,1,2023-11-08 23:24:03
47172000,0.1175,1,2023-11-08 23:24:03
47173000,0.0249,1,2023-11-08 23:24:03
47174000,0.0716,1,2023-11-08 23:24:03
47163000,0.0249,0,2023-11-08 23:24:07
47161000,0.0321,0,2023-11-08 23:24:07
47160000,0.3167,0,2023-11-08 23:24:07
47159000,0.0179,0,2023-11-08 23:24:07
47158000,0.0265,0,2023-11-08 23:24:07
47170000,0.0182,1,2023-11-08 23:24:07
47171000,0.7268,1,2023-11-08 23:24:07
47172000,0.1175,1,2023-11-08 23:24:07
47173000,0.0249,1,2023-11-08 23:24:07
47174000,0.0716,1,2023-11-08 23:24:07
47169000,0.0002,0,2023-11-08 23:24:11
47164000,0.0321,0,2023-11-08 23:24:11
47163000,0.0236,0,2023-11-08 23:24:11
47162000,0.351,0,2023-11-08 23:24:11
47161000,0.0043,0,2023-11-08 23:24:11
47170000,0.0134,1,2023-11-08 23:24:11
47171000,0.7268,1,2023-11-08 23:24:11
47172000,0.0277,1,2023-11-08 23:24:11
47173000,0.0249,1,2023-11-08 23:24:11
47174000,0.0716,1,2023-11-08 23:24:11
47170000,0.0064,0,2023-11-08 23:24:15
47166000,0.0002,0,2023-11-08 23:24:15
47164000,0.3118,0,2023-11-08 23:24:15
47163000,0.0236,0,2023-11-08 23:24:15
47161000,0.0292,0,2023-11-08 23:24:15
47172000,0.026,1,2023-11-08 23:24:15
47173000,0.0251,1,2023-11-08 23:24:15
47174000,0.457,1,2023-11-08 23:24:15
47175000,0.0973,1,2023-11-08 23:24:15
47176000,0.022,1,2023-11-08 23:24:15
47165000,0.0245,0,2023-11-08 23:24:19
47164000,0.2859,0,2023-11-08 23:24:19
47163000,0.024,0,2023-11-08 23:24:19
47162000,0.0002,0,2023-11-08 23:24:19
47161000,0.1139,0,2023-11-08 23:24:19
47171000,0.0162,1,2023-11-08 23:24:19
47172000,0.0256,1,2023-11-08 23:24:19
47173000,0.0251,1,2023-11-08 23:24:19
47174000,0.0227,1,2023-11-08 23:24:19
47175000,0.0973,1,2023-11-08 23:24:19
47164000,0.2646,0,2023-11-08 23:24:23
47163000,0.024,0,2023-11-08 23:24:23
47162000,0.026,0,2023-11-08 23:24:23
47161000,0.0241,0,2023-11-08 23:24:23
47160000,0.0722,0,2023-11-08 23:24:23
47171000,0.0212,1,2023-11-08 23:24:23
47172000,0.6314,1,2023-11-08 23:24:23
47173000,0.0251,1,2023-11-08 23:24:23
47174000,0.0583,1,2023-11-08 23:24:23
47175000,0.0123,1,2023-11-08 23:24:23
47164000,0.206,0,2023-11-08 23:24:27
47163000,0.024,0,2023-11-08 23:24:27
47162000,0.0002,0,2023-11-08 23:24:27
47161000,0.0498,0,2023-11-08 23:24:27
47160000,0.0722,0,2023-11-08 23:24:27
47171000,0.0468,1,2023-11-08 23:24:27
47172000,0.6976,1,2023-11-08 23:24:27
47173000,0.0251,1,2023-11-08 23:24:27
47174000,0.0227,1,2023-11-08 23:24:27
47175000,0.0123,1,2023-11-08 23:24:27
47164000,0.1861,0,2023-11-08 23:24:31
47163000,0.024,0,2023-11-08 23:24:31
47162000,0.0002,0,2023-11-08 23:24:31
47161000,0.0498,0,2023-11-08 23:24:31
47160000,0.0722,0,2023-11-08 23:24:31
47170000,0.106,1,2023-11-08 23:24:31
47171000,0.0112,1,2023-11-08 23:24:31
47172000,0.0565,1,2023-11-08 23:24:31
47173000,0.0251,1,2023-11-08 23:24:31
47174000,0.0227,1,2023-11-08 23:24:31
47164000,0.083,0,2023-11-08 23:24:35
47163000,0.024,0,2023-11-08 23:24:35
47162000,0.0002,0,2023-11-08 23:24:35
47161000,0.0498,0,2023-11-08 23:24:35
47160000,0.0722,0,2023-11-08 23:24:35
47170000,0.106,1,2023-11-08 23:24:35
47171000,0.0112,1,2023-11-08 23:24:35
47172000,0.0565,1,2023-11-08 23:24:35
47173000,0.0251,1,2023-11-08 23:24:35
47174000,0.0227,1,2023-11-08 23:24:35
47164000,0.044,0,2023-11-08 23:24:39
47163000,0.024,0,2023-11-08 23:24:39
47162000,0.0002,0,2023-11-08 23:24:39
47161000,0.0497,0,2023-11-08 23:24:39
47160000,0.1569,0,2023-11-08 23:24:39
47170000,0.106,1,2023-11-08 23:24:39
47171000,0.0466,1,2023-11-08 23:24:39
47172000,0.021,1,2023-11-08 23:24:39
47173000,0.1105,1,2023-11-08 23:24:39
47174000,0.1075,1,2023-11-08 23:24:39
47164000,0.1121,0,2023-11-08 23:24:43
47163000,0.024,0,2023-11-08 23:24:43
47162000,0.0002,0,2023-11-08 23:24:43
47161000,0.0495,0,2023-11-08 23:24:43
47160000,0.0722,0,2023-11-08 23:24:43
47170000,0.106,1,2023-11-08 23:24:43
47171000,0.0464,1,2023-11-08 23:24:43
47172000,0.021,1,2023-11-08 23:24:43
47173000,0.174,1,2023-11-08 23:24:43
47174000,0.0227,1,2023-11-08 23:24:43
47164000,0.0319,0,2023-11-08 23:24:47
47163000,0.024,0,2023-11-08 23:24:47
47162000,0.0002,0,2023-11-08 23:24:47
47161000,0.0241,0,2023-11-08 23:24:47
47160000,0.0975,0,2023-11-08 23:24:47
47170000,1.326,1,2023-11-08 23:24:47
47171000,0.0112,1,2023-11-08 23:24:47
47172000,0.0212,1,2023-11-08 23:24:47
47173000,0.1105,1,2023-11-08 23:24:47
47174000,0.0227,1,2023-11-08 23:24:47
47163000,0.024,0,2023-11-08 23:24:51
47162000,0.0002,0,2023-11-08 23:24:51
47161000,0.0241,0,2023-11-08 23:24:51
47160000,0.0973,0,2023-11-08 23:24:51
47159000,0.0181,0,2023-11-08 23:24:51
47170000,1.3119,1,2023-11-08 23:24:51
47171000,0.0112,1,2023-11-08 23:24:51
47172000,0.0212,1,2023-11-08 23:24:51
47173000,0.0251,1,2023-11-08 23:24:51
47174000,0.0227,1,2023-11-08 23:24:51
47163000,0.0198,0,2023-11-08 23:24:55
47162000,0.0253,0,2023-11-08 23:24:55
47161000,0.0241,0,2023-11-08 23:24:55
47160000,0.157,0,2023-11-08 23:24:55
47159000,0.0181,0,2023-11-08 23:24:55
47170000,1.306,1,2023-11-08 23:24:55
47171000,0.0112,1,2023-11-08 23:24:55
47172000,0.0212,1,2023-11-08 23:24:55
47173000,0.11,1,2023-11-08 23:24:55
47174000,0.0227,1,2023-11-08 23:24:55
47160000,0.0363,0,2023-11-08 23:24:58
47159000,0.0181,0,2023-11-08 23:24:58
47158000,0.0265,0,2023-11-08 23:24:58
47157000,0.0304,0,2023-11-08 23:24:58
47156000,0.0214,0,2023-11-08 23:24:58
47162000,0.0163,1,2023-11-08 23:24:58
47165000,0.0201,1,2023-11-08 23:24:58
47170000,0.2047,1,2023-11-08 23:24:58
47171000,0.0062,1,2023-11-08 23:24:58
47172000,0.0212,1,2023-11-08 23:24:58
47157000,0.0196,0,2023-11-08 23:25:02
47156000,0.0214,0,2023-11-08 23:25:02
47155000,0.6327,0,2023-11-08 23:25:02
47154000,0.0145,0,2023-11-08 23:25:02
47153000,0.1759,0,2023-11-08 23:25:02
47162000,0.0237,1,2023-11-08 23:25:02
47165000,0.0099,1,2023-11-08 23:25:02
47169000,0.0346,1,2023-11-08 23:25:02
47170000,0.216,1,2023-11-08 23:25:02
47171000,0.0062,1,2023-11-08 23:25:02
47160000,0.0187,0,2023-11-08 23:25:06
47157000,0.6171,0,2023-11-08 23:25:06
47156000,0.0214,0,2023-11-08 23:25:06
47155000,0.1084,0,2023-11-08 23:25:06
47154000,0.0145,0,2023-11-08 23:25:06
47162000,0.0165,1,2023-11-08 23:25:06
47165000,0.0099,1,2023-11-08 23:25:06
47169000,0.0343,1,2023-11-08 23:25:06
47170000,0.132,1,2023-11-08 23:25:06
47171000,0.0062,1,2023-11-08 23:25:06
47158000,0.0174,0,2023-11-08 23:25:10
47157000,0.6171,0,2023-11-08 23:25:10
47156000,0.0214,0,2023-11-08 23:25:10
47155000,0.0233,0,2023-11-08 23:25:10
47154000,0.0145,0,2023-11-08 23:25:10
47160000,0.0085,1,2023-11-08 23:25:10
47161000,0.0187,1,2023-11-08 23:25:10
47162000,0.0065,1,2023-11-08 23:25:10
47164000,0.0097,1,2023-11-08 23:25:10
47165000,0.0101,1,2023-11-08 23:25:10
47158000,0.0138,0,2023-11-08 23:25:14
47157000,0.6171,0,2023-11-08 23:25:14
47156000,0.0313,0,2023-11-08 23:25:14
47155000,0.0233,0,2023-11-08 23:25:14
47154000,0.0145,0,2023-11-08 23:25:14
47161000,0.0187,1,2023-11-08 23:25:14
47162000,0.0065,1,2023-11-08 23:25:14
47164000,0.0097,1,2023-11-08 23:25:14
47165000,0.0101,1,2023-11-08 23:25:14
47169000,0.0343,1,2023-11-08 23:25:14
47154000,0.5231,0,2023-11-08 23:25:18
47153000,0.1258,0,2023-11-08 23:25:18
47152000,0.0132,0,2023-11-08 23:25:18
47151000,0.0184,0,2023-11-08 23:25:18
47150000,0.793,0,2023-11-08 23:25:18
47155000,0.014,1,2023-11-08 23:25:18
47156000,0.0297,1,2023-11-08 23:25:18
47157000,0.1084,1,2023-11-08 23:25:18
47161000,0.0338,1,2023-11-08 23:25:18
47162000,0.0065,1,2023-11-08 23:25:18
47154000,0.5327,0,2023-11-08 23:25:22
47153000,0.1258,0,2023-11-08 23:25:22
47152000,0.0132,0,2023-11-08 23:25:22
47151000,0.0184,0,2023-11-08 23:25:22
47150000,0.793,0,2023-11-08 23:25:22
47156000,0.0297,1,2023-11-08 23:25:22
47157000,0.0204,1,2023-11-08 23:25:22
47158000,0.0718,1,2023-11-08 23:25:22
47159000,0.0174,1,2023-11-08 23:25:22
47160000,0.0521,1,2023-11-08 23:25:22
47154000,0.5059,0,2023-11-08 23:25:26
47153000,0.1258,0,2023-11-08 23:25:26
47152000,0.0132,0,2023-11-08 23:25:26
47151000,0.0184,0,2023-11-08 23:25:26
47150000,0.8564,0,2023-11-08 23:25:26
47156000,0.023,1,2023-11-08 23:25:26
47157000,0.0204,1,2023-11-08 23:25:26
47158000,0.0718,1,2023-11-08 23:25:26
47159000,0.0174,1,2023-11-08 23:25:26
47160000,0.0521,1,2023-11-08 23:25:26
47155000,0.1331,0,2023-11-08 23:25:30
47154000,0.0205,0,2023-11-08 23:25:30
47153000,0.6395,0,2023-11-08 23:25:30
47152000,0.0131,0,2023-11-08 23:25:30
47151000,0.0184,0,2023-11-08 23:25:30
47158000,0.0132,1,2023-11-08 23:25:30
47159000,0.0174,1,2023-11-08 23:25:30
47160000,0.0183,1,2023-11-08 23:25:30
47161000,0.0039,1,2023-11-08 23:25:30
47162000,0.0065,1,2023-11-08 23:25:30
47156000,0.0027,0,2023-11-08 23:25:34
47155000,0.1331,0,2023-11-08 23:25:34
47154000,0.0205,0,2023-11-08 23:25:34
47153000,0.6395,0,2023-11-08 23:25:34
47152000,0.0131,0,2023-11-08 23:25:34
47157000,0.0001,1,2023-11-08 23:25:34
47158000,0.0129,1,2023-11-08 23:25:34
47159000,0.0174,1,2023-11-08 23:25:34
47160000,0.0183,1,2023-11-08 23:25:34
47161000,0.0156,1,2023-11-08 23:25:34
47160000,0.0132,0,2023-11-08 23:25:38
47159000,0.011,0,2023-11-08 23:25:38
47158000,0.0123,0,2023-11-08 23:25:38
47157000,0.0119,0,2023-11-08 23:25:38
47156000,0.0206,0,2023-11-08 23:25:38
47164000,0.0097,1,2023-11-08 23:25:38
47165000,0.0101,1,2023-11-08 23:25:38
47166000,0.0037,1,2023-11-08 23:25:38
47169000,0.0335,1,2023-11-08 23:25:38
47170000,0.1357,1,2023-11-08 23:25:38
47161000,0.3348,0,2023-11-08 23:25:42
47160000,0.0085,0,2023-11-08 23:25:42
47159000,0.011,0,2023-11-08 23:25:42
47158000,0.0123,0,2023-11-08 23:25:42
47157000,0.0298,0,2023-11-08 23:25:42
47163000,0.021,1,2023-11-08 23:25:42
47164000,0.0001,1,2023-11-08 23:25:42
47165000,0.0101,1,2023-11-08 23:25:42
47166000,0.0037,1,2023-11-08 23:25:42
47170000,0.0356,1,2023-11-08 23:25:42
47161000,0.1459,0,2023-11-08 23:25:46
47160000,0.0085,0,2023-11-08 23:25:46
47159000,0.011,0,2023-11-08 23:25:46
47158000,0.0123,0,2023-11-08 23:25:46
47157000,0.0119,0,2023-11-08 23:25:46
47163000,0.0187,1,2023-11-08 23:25:46
47164000,0.0001,1,2023-11-08 23:25:46
47165000,0.0102,1,2023-11-08 23:25:46
47166000,0.0037,1,2023-11-08 23:25:46
47167000,0.0001,1,2023-11-08 23:25:46
47161000,0.1646,0,2023-11-08 23:25:50
47160000,0.0085,0,2023-11-08 23:25:50
47159000,0.011,0,2023-11-08 23:25:50
47158000,0.0123,0,2023-11-08 23:25:50
47157000,0.0119,0,2023-11-08 23:25:50
47163000,0.0187,1,2023-11-08 23:25:50
47164000,0.0001,1,2023-11-08 23:25:50
47165000,0.0102,1,2023-11-08 23:25:50
47166000,0.0037,1,2023-11-08 23:25:50
47167000,0.0001,1,2023-11-08 23:25:50
47161000,0.1646,0,2023-11-08 23:25:54
47160000,0.0085,0,2023-11-08 23:25:54
47159000,0.011,0,2023-11-08 23:25:54
47158000,0.0302,0,2023-11-08 23:25:54
47157000,0.0121,0,2023-11-08 23:25:54
47163000,0.0057,1,2023-11-08 23:25:54
47164000,0.0001,1,2023-11-08 23:25:54
47165000,0.0102,1,2023-11-08 23:25:54
47167000,0.0001,1,2023-11-08 23:25:54
47168000,0.0001,1,2023-11-08 23:25:54
47166000,0.1078,0,2023-11-08 23:25:58
47164000,0.0134,0,2023-11-08 23:25:58
47163000,0.0255,0,2023-11-08 23:25:58
47162000,0.0132,0,2023-11-08 23:25:58
47161000,0.0365,0,2023-11-08 23:25:58
47171000,0.0063,1,2023-11-08 23:25:58
47172000,0.0213,1,2023-11-08 23:25:58
47173000,0.025,1,2023-11-08 23:25:58
47174000,0.0562,1,2023-11-08 23:25:58
47175000,0.0613,1,2023-11-08 23:25:58
47164000,0.0134,0,2023-11-08 23:26:02
47163000,0.0255,0,2023-11-08 23:26:02
47162000,0.1162,0,2023-11-08 23:26:02
47161000,0.0187,0,2023-11-08 23:26:02
47160000,0.0085,0,2023-11-08 23:26:02
47171000,0.0057,1,2023-11-08 23:26:02
47172000,0.0213,1,2023-11-08 23:26:02
47173000,0.025,1,2023-11-08 23:26:02
47174000,0.0561,1,2023-11-08 23:26:02
47175000,0.0613,1,2023-11-08 23:26:02
47169000,0.3783,0,2023-11-08 23:26:06
47165000,0.0178,0,2023-11-08 23:26:06
47164000,0.0134,0,2023-11-08 23:26:06
47163000,0.0255,0,2023-11-08 23:26:06
47162000,0.0984,0,2023-11-08 23:26:06
47171000,0.0057,1,2023-11-08 23:26:06
47172000,0.0213,1,2023-11-08 23:26:06
47173000,0.025,1,2023-11-08 23:26:06
47174000,0.0228,1,2023-11-08 23:26:06
47175000,0.0613,1,2023-11-08 23:26:06
47169000,0.2236,0,2023-11-08 23:26:10
47164000,0.0134,0,2023-11-08 23:26:10
47163000,0.0433,0,2023-11-08 23:26:10
47162000,0.0132,0,2023-11-08 23:26:10
47161000,0.0218,0,2023-11-08 23:26:10
47171000,0.0057,1,2023-11-08 23:26:10
47172000,0.0213,1,2023-11-08 23:26:10
47173000,0.025,1,2023-11-08 23:26:10
47174000,0.0228,1,2023-11-08 23:26:10
47175000,0.0949,1,2023-11-08 23:26:10
47170000,0.0002,0,2023-11-08 23:26:14
47168000,0.2161,0,2023-11-08 23:26:14
47164000,0.0134,0,2023-11-08 23:26:14
47163000,0.0432,0,2023-11-08 23:26:14
47162000,0.0132,0,2023-11-08 23:26:14
47171000,0.0057,1,2023-11-08 23:26:14
47172000,0.0215,1,2023-11-08 23:26:14
47173000,0.0248,1,2023-11-08 23:26:14
47174000,0.0226,1,2023-11-08 23:26:14
47175000,0.0947,1,2023-11-08 23:26:14
47169000,0.2172,0,2023-11-08 23:26:18
47168000,0.0002,0,2023-11-08 23:26:18
47167000,0.0002,0,2023-11-08 23:26:18
47165000,0.0002,0,2023-11-08 23:26:18
47164000,0.0134,0,2023-11-08 23:26:18
47170000,0.0797,1,2023-11-08 23:26:18
47171000,0.0108,1,2023-11-08 23:26:18
47172000,0.0215,1,2023-11-08 23:26:18
47173000,0.0248,1,2023-11-08 23:26:18
47174000,0.0228,1,2023-11-08 23:26:18
47169000,0.0508,0,2023-11-08 23:26:22
47168000,0.0002,0,2023-11-08 23:26:22
47167000,0.0002,0,2023-11-08 23:26:22
47165000,0.0002,0,2023-11-08 23:26:22
47164000,0.0136,0,2023-11-08 23:26:22
47170000,0.0797,1,2023-11-08 23:26:22
47171000,0.0108,1,2023-11-08 23:26:22
47172000,0.0215,1,2023-11-08 23:26:22
47173000,0.0248,1,2023-11-08 23:26:22
47174000,0.0561,1,2023-11-08 23:26:22
47168000,0.0002,0,2023-11-08 23:26:26
47167000,0.0002,0,2023-11-08 23:26:26
47165000,0.0002,0,2023-11-08 23:26:26
47164000,0.0136,0,2023-11-08 23:26:26
47163000,0.0257,0,2023-11-08 23:26:26
47169000,0.0467,1,2023-11-08 23:26:26
47171000,0.0098,1,2023-11-08 23:26:26
47172000,0.0215,1,2023-11-08 23:26:26
47173000,0.058,1,2023-11-08 23:26:26
47174000,0.0228,1,2023-11-08 23:26:26
47164000,0.0001,0,2023-11-08 23:26:29
47163000,0.0257,0,2023-11-08 23:26:29
47162000,0.0308,0,2023-11-08 23:26:29
47161000,0.1048,0,2023-11-08 23:26:29
47160000,0.0087,0,2023-11-08 23:26:29
47169000,0.0279,1,2023-11-08 23:26:29
47171000,0.0098,1,2023-11-08 23:26:29
47172000,0.0215,1,2023-11-08 23:26:29
47173000,0.0248,1,2023-11-08 23:26:29
47174000,0.0559,1,2023-11-08 23:26:29
47170000,0.0083,0,2023-11-08 23:26:33
47169000,0.8969,0,2023-11-08 23:26:33
47168000,0.0212,0,2023-11-08 23:26:33
47164000,0.0001,0,2023-11-08 23:26:33
47163000,0.1122,0,2023-11-08 23:26:33
47171000,0.0134,1,2023-11-08 23:26:33
47172000,0.0172,1,2023-11-08 23:26:33
47173000,0.0248,1,2023-11-08 23:26:33
47174000,0.0228,1,2023-11-08 23:26:33
47175000,0.0126,1,2023-11-08 23:26:33
47169000,0.8969,0,2023-11-08 23:26:37
47166000,0.0877,0,2023-11-08 23:26:37
47164000,0.0001,0,2023-11-08 23:26:37
47163000,0.1122,0,2023-11-08 23:26:37
47162000,0.0162,0,2023-11-08 23:26:37
47170000,0.3938,1,2023-11-08 23:26:37
47173000,0.0067,1,2023-11-08 23:26:37
47174000,0.0228,1,2023-11-08 23:26:37
47175000,0.0126,1,2023-11-08 23:26:37
47176000,0.022,1,2023-11-08 23:26:37
47169000,0.8094,0,2023-11-08 23:26:41
47165000,0.1002,0,2023-11-08 23:26:41
47164000,0.0001,0,2023-11-08 23:26:41
47163000,0.1122,0,2023-11-08 23:26:41
47162000,0.0162,0,2023-11-08 23:26:41
47170000,0.2371,1,2023-11-08 23:26:41
47173000,0.0067,1,2023-11-08 23:26:41
47174000,0.0228,1,2023-11-08 23:26:41
47175000,0.0126,1,2023-11-08 23:26:41
47176000,0.022,1,2023-11-08 23:26:41
47169000,0.799,0,2023-11-08 23:26:45
47166000,0.1,0,2023-11-08 23:26:45
47165000,0.0002,0,2023-11-08 23:26:45
47164000,0.0001,0,2023-11-08 23:26:45
47163000,0.1122,0,2023-11-08 23:26:45
47170000,0.1077,1,2023-11-08 23:26:45
47173000,0.0067,1,2023-11-08 23:26:45
47174000,0.0228,1,2023-11-08 23:26:45
47175000,0.0126,1,2023-11-08 23:26:45
47176000,0.022,1,2023-11-08 23:26:45
47170000,0.5539,0,2023-11-08 23:26:49
47169000,0.752,0,2023-11-08 23:26:49
47165000,0.1002,0,2023-11-08 23:26:49
47164000,0.0001,0,2023-11-08 23:26:49
47163000,0.1122,0,2023-11-08 23:26:49
47173000,0.0067,1,2023-11-08 23:26:49
47174000,0.0228,1,2023-11-08 23:26:49
47175000,0.0126,1,2023-11-08 23:26:49
47176000,0.022,1,2023-11-08 23:26:49
47177000,0.027,1,2023-11-08 23:26:49
47169000,0.2993,0,2023-11-08 23:26:53
47165000,0.0002,0,2023-11-08 23:26:53
47164000,0.0001,0,2023-11-08 23:26:53
47163000,0.0257,0,2023-11-08 23:26:53
47162000,0.0162,0,2023-11-08 23:26:53
47170000,0.0641,1,2023-11-08 23:26:53
47172000,0.0351,1,2023-11-08 23:26:53
47173000,0.0067,1,2023-11-08 23:26:53
47174000,0.0228,1,2023-11-08 23:26:53
47175000,0.0126,1,2023-11-08 23:26:53
47169000,0.0756,0,2023-11-08 23:26:57
47165000,0.0002,0,2023-11-08 23:26:57
47164000,0.0001,0,2023-11-08 23:26:57
47163000,0.0257,0,2023-11-08 23:26:57
47162000,0.0132,0,2023-11-08 23:26:57
47172000,0.036,1,2023-11-08 23:26:57
47173000,0.0067,1,2023-11-08 23:26:57
47174000,0.0228,1,2023-11-08 23:26:57
47175000,0.0126,1,2023-11-08 23:26:57
47176000,0.022,1,2023-11-08 23:26:57
47163000,0.02,0,2023-11-08 23:27:01
47162000,0.0132,0,2023-11-08 23:27:01
47161000,0.0302,0,2023-11-08 23:27:01
47160000,0.0087,0,2023-11-08 23:27:01
47159000,0.783,0,2023-11-08 23:27:01
47165000,0.0012,1,2023-11-08 23:27:01
47168000,0.0093,1,2023-11-08 23:27:01
47169000,0.0098,1,2023-11-08 23:27:01
47173000,0.0067,1,2023-11-08 23:27:01
47174000,0.1649,1,2023-11-08 23:27:01
47163000,0.02,0,2023-11-08 23:27:05
47162000,0.0132,0,2023-11-08 23:27:05
47161000,0.0302,0,2023-11-08 23:27:05
47160000,0.0087,0,2023-11-08 23:27:05
47159000,0.783,0,2023-11-08 23:27:05
47172000,0.0041,1,2023-11-08 23:27:05
47173000,0.0067,1,2023-11-08 23:27:05
47174000,0.1649,1,2023-11-08 23:27:05
47175000,0.0126,1,2023-11-08 23:27:05
47176000,0.0272,1,2023-11-08 23:27:05
47163000,0.0108,0,2023-11-08 23:27:09
47162000,0.098,0,2023-11-08 23:27:09
47161000,0.0659,0,2023-11-08 23:27:09
47160000,0.0087,0,2023-11-08 23:27:09
47159000,0.783,0,2023-11-08 23:27:09
47171000,0.0113,1,2023-11-08 23:27:09
47172000,0.0279,1,2023-11-08 23:27:09
47173000,0.0916,1,2023-11-08 23:27:09
47174000,0.1649,1,2023-11-08 23:27:09
47175000,0.0126,1,2023-11-08 23:27:09
47163000,0.0108,0,2023-11-08 23:27:13
47162000,0.0489,0,2023-11-08 23:27:13
47161000,0.0302,0,2023-11-08 23:27:13
47160000,0.0087,0,2023-11-08 23:27:13
47159000,0.783,0,2023-11-08 23:27:13
47171000,0.0093,1,2023-11-08 23:27:13
47172000,0.0002,1,2023-11-08 23:27:13
47173000,0.0344,1,2023-11-08 23:27:13
47174000,0.0776,1,2023-11-08 23:27:13
47175000,0.0126,1,2023-11-08 23:27:13
47162000,0.1353,0,2023-11-08 23:27:17
47161000,0.0659,0,2023-11-08 23:27:17
47160000,0.0087,0,2023-11-08 23:27:17
47159000,0.783,0,2023-11-08 23:27:17
47158000,0.1023,0,2023-11-08 23:27:17
47171000,0.0063,1,2023-11-08 23:27:17
47172000,0.043,1,2023-11-08 23:27:17
47173000,0.0067,1,2023-11-08 23:27:17
47174000,0.0776,1,2023-11-08 23:27:17
47175000,0.0126,1,2023-11-08 23:27:17
47163000,0.0367,0,2023-11-08 23:27:21
47162000,0.1353,0,2023-11-08 23:27:21
47161000,0.119,0,2023-11-08 23:27:21
47160000,0.0112,0,2023-11-08 23:27:21
47159000,0.011,0,2023-11-08 23:27:21
47171000,0.0052,1,2023-11-08 23:27:21
47172000,0.0153,1,2023-11-08 23:27:21
47173000,0.0067,1,2023-11-08 23:27:21
47174000,0.0505,1,2023-11-08 23:27:21
47175000,0.0126,1,2023-11-08 23:27:21
47170000,0.0066,0,2023-11-08 23:27:25
47163000,0.0367,0,2023-11-08 23:27:25
47162000,0.9921,0,2023-11-08 23:27:25
47161000,0.119,0,2023-11-08 23:27:25
47160000,0.0112,0,2023-11-08 23:27:25
47172000,0.0082,1,2023-11-08 23:27:25
47173000,0.0067,1,2023-11-08 23:27:25
47174000,0.0228,1,2023-11-08 23:27:25
47175000,0.0409,1,2023-11-08 23:27:25
47176000,0.022,1,2023-11-08 23:27:25
47171000,0.0082,0,2023-11-08 23:27:29
47170000,0.0032,0,2023-11-08 23:27:29
47165000,0.0002,0,2023-11-08 23:27:29
47163000,0.0367,0,2023-11-08 23:27:29
47162000,0.9923,0,2023-11-08 23:27:29
47172000,0.0082,1,2023-11-08 23:27:29
47173000,0.0067,1,2023-11-08 23:27:29
47174000,0.0228,1,2023-11-08 23:27:29
47175000,0.0126,1,2023-11-08 23:27:29
47176000,0.022,1,2023-11-08 23:27:29
47172000,0.0068,0,2023-11-08 23:27:33
47171000,0.0297,0,2023-11-08 23:27:33
47170000,0.0035,0,2023-11-08 23:27:33
47166000,0.0356,0,2023-11-08 23:27:33
47165000,0.0875,0,2023-11-08 23:27:33
47175000,0.0021,1,2023-11-08 23:27:33
47176000,0.022,1,2023-11-08 23:27:33
47177000,0.027,1,2023-11-08 23:27:33
47178000,0.0194,1,2023-11-08 23:27:33
47179000,0.0287,1,2023-11-08 23:27:33
47170000,0.0035,0,2023-11-08 23:27:37
47166000,0.0355,0,2023-11-08 23:27:37
47165000,0.0875,0,2023-11-08 23:27:37
47164000,0.1,0,2023-11-08 23:27:37
47163000,0.0013,0,2023-11-08 23:27:37
47174000,0.0111,1,2023-11-08 23:27:37
47175000,0.0021,1,2023-11-08 23:27:37
47176000,0.022,1,2023-11-08 23:27:37
47177000,0.027,1,2023-11-08 23:27:37
47178000,0.0194,1,2023-11-08 23:27:37
47170000,0.0035,0,2023-11-08 23:27:41
47166000,0.0358,0,2023-11-08 23:27:41
47165000,0.0877,0,2023-11-08 23:27:41
47163000,0.0013,0,2023-11-08 23:27:41
47162000,1.0128,0,2023-11-08 23:27:41
47176000,0.0121,1,2023-11-08 23:27:41
47177000,0.027,1,2023-11-08 23:27:41
47178000,0.0475,1,2023-11-08 23:27:41
47179000,0.0245,1,2023-11-08 23:27:41
47180000,0.0989,1,2023-11-08 23:27:41
47173000,0.007,0,2023-11-08 23:27:45
47170000,0.0035,0,2023-11-08 23:27:45
47166000,0.0358,0,2023-11-08 23:27:45
47165000,0.088,0,2023-11-08 23:27:45
47164000,0.1,0,2023-11-08 23:27:45
47176000,0.0023,1,2023-11-08 23:27:45
47177000,0.0232,1,2023-11-08 23:27:45
47178000,0.0194,1,2023-11-08 23:27:45
47179000,0.0245,1,2023-11-08 23:27:45
47180000,0.0359,1,2023-11-08 23:27:45
47169000,0.0355,0,2023-11-08 23:27:49
47166000,0.0003,0,2023-11-08 23:27:49
47165000,0.088,0,2023-11-08 23:27:49
47163000,0.0013,0,2023-11-08 23:27:49
47162000,0.9128,0,2023-11-08 23:27:49
47175000,0.0126,1,2023-11-08 23:27:49
47176000,0.0023,1,2023-11-08 23:27:49
47177000,0.0232,1,2023-11-08 23:27:49
47178000,0.0194,1,2023-11-08 23:27:49
47179000,0.0245,1,2023-11-08 23:27:49
47174000,0.4944,0,2023-11-08 23:27:53
47168000,0.0355,0,2023-11-08 23:27:53
47167000,0.0817,0,2023-11-08 23:27:53
47166000,0.0003,0,2023-11-08 23:27:53
47165000,0.088,0,2023-11-08 23:27:53
47175000,0.0126,1,2023-11-08 23:27:53
47176000,0.0023,1,2023-11-08 23:27:53
47177000,0.0232,1,2023-11-08 23:27:53
47178000,0.0194,1,2023-11-08 23:27:53
47179000,0.0245,1,2023-11-08 23:27:53
47174000,0.4584,0,2023-11-08 23:27:56
47172000,0.1,0,2023-11-08 23:27:56
47169000,0.0866,0,2023-11-08 23:27:56
47167000,0.0338,0,2023-11-08 23:27:56
47166000,0.0521,0,2023-11-08 23:27:56
47176000,0.0023,1,2023-11-08 23:27:56
47177000,0.0232,1,2023-11-08 23:27:56
47178000,0.0194,1,2023-11-08 23:27:56
47179000,0.0245,1,2023-11-08 23:27:56
47180000,0.0227,1,2023-11-08 23:27:56
47178000,0.0304,0,2023-11-08 23:28:00
47176000,0.0068,0,2023-11-08 23:28:00
47175000,0.0212,0,2023-11-08 23:28:00
47174000,0.4354,0,2023-11-08 23:28:00
47173000,0.0337,0,2023-11-08 23:28:00
47179000,0.0243,1,2023-11-08 23:28:00
47180000,0.0227,1,2023-11-08 23:28:00
47181000,0.0008,1,2023-11-08 23:28:00
47182000,0.0003,1,2023-11-08 23:28:00
47184000,0.0355,1,2023-11-08 23:28:00
47177000,0.0123,0,2023-11-08 23:28:04
47176000,0.0068,0,2023-11-08 23:28:04
47175000,0.0549,0,2023-11-08 23:28:04
47174000,0.4354,0,2023-11-08 23:28:04
47172000,0.0848,0,2023-11-08 23:28:04
47184000,0.0003,1,2023-11-08 23:28:04
47185000,0.0155,1,2023-11-08 23:28:04
47186000,0.0353,1,2023-11-08 23:28:04
47187000,0.1013,1,2023-11-08 23:28:04
47188000,0.1667,1,2023-11-08 23:28:04
47177000,0.0123,0,2023-11-08 23:28:08
47176000,0.0319,0,2023-11-08 23:28:08
47175000,0.0212,0,2023-11-08 23:28:08
47174000,0.4354,0,2023-11-08 23:28:08
47172000,0.772,0,2023-11-08 23:28:08
47178000,0.02,1,2023-11-08 23:28:08
47184000,0.0352,1,2023-11-08 23:28:08
47185000,0.0155,1,2023-11-08 23:28:08
47186000,0.0002,1,2023-11-08 23:28:08
47187000,0.105,1,2023-11-08 23:28:08
47178000,0.0176,0,2023-11-08 23:28:12
47176000,0.0223,0,2023-11-08 23:28:12
47175000,0.0212,0,2023-11-08 23:28:12
47174000,0.4354,0,2023-11-08 23:28:12
47173000,0.0332,0,2023-11-08 23:28:12
47179000,0.0073,1,2023-11-08 23:28:12
47180000,0.0002,1,2023-11-08 23:28:12
47184000,0.0349,1,2023-11-08 23:28:12
47185000,0.0153,1,2023-11-08 23:28:12
47186000,0.0002,1,2023-11-08 23:28:12
47178000,0.0002,0,2023-11-08 23:28:16
47177000,0.0185,0,2023-11-08 23:28:16
47176000,0.0223,0,2023-11-08 23:28:16
47175000,0.0214,0,2023-11-08 23:28:16
47174000,0.4354,0,2023-11-08 23:28:16
47179000,0.022,1,2023-11-08 23:28:16
47182000,0.0002,1,2023-11-08 23:28:16
47183000,0.0002,1,2023-11-08 23:28:16
47184000,0.0348,1,2023-11-08 23:28:16
47185000,0.0153,1,2023-11-08 23:28:16
47176000,0.0115,0,2023-11-08 23:28:20
47175000,0.0214,0,2023-11-08 23:28:20
47174000,0.4354,0,2023-11-08 23:28:20
47173000,0.0315,0,2023-11-08 23:28:20
47172000,0.7727,0,2023-11-08 23:28:20
47181000,0.0221,1,2023-11-08 23:28:20
47182000,0.0002,1,2023-11-08 23:28:20
47183000,0.0002,1,2023-11-08 23:28:20
47184000,0.0348,1,2023-11-08 23:28:20
47185000,0.0155,1,2023-11-08 23:28:20
47175000,0.0007,0,2023-11-08 23:28:24
47174000,0.4354,0,2023-11-08 23:28:24
47173000,0.0002,0,2023-11-08 23:28:24
47172000,0.7727,0,2023-11-08 23:28:24
47171000,0.0002,0,2023-11-08 23:28:24
47181000,0.0021,1,2023-11-08 23:28:24
47182000,0.0002,1,2023-11-08 23:28:24
47183000,0.0002,1,2023-11-08 23:28:24
47184000,0.0346,1,2023-11-08 23:28:24
47185000,0.0155,1,2023-11-08 23:28:24
47175000,0.0085,0,2023-11-08 23:28:28
47174000,0.4,0,2023-11-08 23:28:28
47173000,0.0315,0,2023-11-08 23:28:28
47172000,0.7727,0,2023-11-08 23:28:28
47171000,0.0002,0,2023-11-08 23:28:28
47181000,0.0021,1,2023-11-08 23:28:28
47182000,0.0002,1,2023-11-08 23:28:28
47183000,0.0002,1,2023-11-08 23:28:28
47184000,0.0001,1,2023-11-08 23:28:28
47185000,0.0155,1,2023-11-08 23:28:28
47175000,0.0085,0,2023-11-08 23:28:32
47174000,0.4,0,2023-11-08 23:28:32
47173000,0.0315,0,2023-11-08 23:28:32
47172000,0.7727,0,2023-11-08 23:28:32
47171000,0.0002,0,2023-11-08 23:28:32
47181000,0.0023,1,2023-11-08 23:28:32
47182000,0.0002,1,2023-11-08 23:28:32
47183000,0.0002,1,2023-11-08 23:28:32
47184000,0.0345,1,2023-11-08 23:28:32
47185000,0.0155,1,2023-11-08 23:28:32
47175000,0.0029,0,2023-11-08 23:28:36
47174000,0.4,0,2023-11-08 23:28:36
47173000,0.0276,0,2023-11-08 23:28:36
47172000,0.7727,0,2023-11-08 23:28:36
47171000,0.0002,0,2023-11-08 23:28:36
47181000,0.0023,1,2023-11-08 23:28:36
47182000,0.0002,1,2023-11-08 23:28:36
47183000,0.0002,1,2023-11-08 23:28:36
47184000,0.0345,1,2023-11-08 23:28:36
47185000,0.0155,1,2023-11-08 23:28:36
47175000,0.0113,0,2023-11-08 23:28:40
47174000,0.3486,0,2023-11-08 23:28:40
47173000,0.0002,0,2023-11-08 23:28:40
47172000,0.7727,0,2023-11-08 23:28:40
47171000,0.085,0,2023-11-08 23:28:40
47181000,0.0023,1,2023-11-08 23:28:40
47182000,0.0002,1,2023-11-08 23:28:40
47183000,0.0346,1,2023-11-08 23:28:40
47184000,0.1736,1,2023-11-08 23:28:40
47185000,0.0155,1,2023-11-08 23:28:40
47175000,0.0048,0,2023-11-08 23:28:44
47174000,0.3486,0,2023-11-08 23:28:44
47173000,0.0276,0,2023-11-08 23:28:44
47172000,0.7727,0,2023-11-08 23:28:44
47171000,0.0002,0,2023-11-08 23:28:44
47181000,0.0023,1,2023-11-08 23:28:44
47182000,0.0002,1,2023-11-08 23:28:44
47183000,0.0002,1,2023-11-08 23:28:44
47184000,0.0344,1,2023-11-08 23:28:44
47185000,0.0155,1,2023-11-08 23:28:44
47175000,0.0048,0,2023-11-08 23:28:48
47174000,0.3486,0,2023-11-08 23:28:48
47173000,0.0002,0,2023-11-08 23:28:48
47172000,0.7727,0,2023-11-08 23:28:48
47171000,0.0002,0,2023-11-08 23:28:48
47176000,0.0022,1,2023-11-08 23:28:48
47181000,0.0023,1,2023-11-08 23:28:48
47182000,0.0002,1,2023-11-08 23:28:48
47183000,0.0002,1,2023-11-08 23:28:48
47184000,0.0344,1,2023-11-08 23:28:48
47174000,0.3486,0,2023-11-08 23:28:52
47173000,0.0002,0,2023-11-08 23:28:52
47172000,0.0007,0,2023-11-08 23:28:52
47171000,0.0002,0,2023-11-08 23:28:52
47169000,0.0871,0,2023-11-08 23:28:52
47175000,0.0021,1,2023-11-08 23:28:52
47181000,0.0366,1,2023-11-08 23:28:52
47182000,0.0125,1,2023-11-08 23:28:52
47183000,0.0002,1,2023-11-08 23:28:52
47184000,0.0001,1,2023-11-08 23:28:52
47175000,0.0103,0,2023-11-08 23:28:56
47174000,0.3458,0,2023-11-08 23:28:56
47173000,0.0002,0,2023-11-08 23:28:56
47172000,0.0007,0,2023-11-08 23:28:56
47171000,0.0002,0,2023-11-08 23:28:56
47185000,0.0019,1,2023-11-08 23:28:56
47186000,0.0004,1,2023-11-08 23:28:56
47187000,0.105,1,2023-11-08 23:28:56
47188000,0.0395,1,2023-11-08 23:28:56
47189000,0.0003,1,2023-11-08 23:28:56
47183000,1.2178,0,2023-11-08 23:29:00
47180000,0.0132,0,2023-11-08 23:29:00
47175000,0.0951,0,2023-11-08 23:29:00
47174000,0.3458,0,2023-11-08 23:29:00
47173000,0.0002,0,2023-11-08 23:29:00
47185000,0.0779,1,2023-11-08 23:29:00
47186000,0.0235,1,2023-11-08 23:29:00
47187000,0.0182,1,2023-11-08 23:29:00
47188000,0.1271,1,2023-11-08 23:29:00
47189000,0.0348,1,2023-11-08 23:29:00
47180000,0.0034,0,2023-11-08 23:29:04
47175000,0.0323,0,2023-11-08 23:29:04
47174000,0.3458,0,2023-11-08 23:29:04
47173000,0.0002,0,2023-11-08 23:29:04
47172000,0.088,0,2023-11-08 23:29:04
47185000,0.0008,1,2023-11-08 23:29:04
47186000,0.058,1,2023-11-08 23:29:04
47187000,0.0182,1,2023-11-08 23:29:04
47188000,0.1271,1,2023-11-08 23:29:04
47189000,0.0003,1,2023-11-08 23:29:04
47177000,0.0086,0,2023-11-08 23:29:08
47175000,0.1377,0,2023-11-08 23:29:08
47174000,0.3443,0,2023-11-08 23:29:08
47173000,0.0324,0,2023-11-08 23:29:08
47172000,0.088,0,2023-11-08 23:29:08
47185000,0.0344,1,2023-11-08 23:29:08
47186000,0.0235,1,2023-11-08 23:29:08
47187000,0.1032,1,2023-11-08 23:29:08
47188000,0.1271,1,2023-11-08 23:29:08
47189000,0.0003,1,2023-11-08 23:29:08
47175000,0.1114,0,2023-11-08 23:29:12
47174000,0.3443,0,2023-11-08 23:29:12
47173000,0.0324,0,2023-11-08 23:29:12
47172000,0.088,0,2023-11-08 23:29:12
47171000,0.7722,0,2023-11-08 23:29:12
47185000,0.0344,1,2023-11-08 23:29:12
47186000,0.0235,1,2023-11-08 23:29:12
47187000,0.1032,1,2023-11-08 23:29:12
47188000,0.1271,1,2023-11-08 23:29:12
47189000,0.0003,1,2023-11-08 23:29:12
47174000,0.3162,0,2023-11-08 23:29:16
47173000,0.0324,0,2023-11-08 23:29:16
47172000,0.088,0,2023-11-08 23:29:16
47171000,0.7722,0,2023-11-08 23:29:16
47170000,0.0037,0,2023-11-08 23:29:16
47185000,0.0344,1,2023-11-08 23:29:16
47186000,0.0235,1,2023-11-08 23:29:16
47187000,0.1032,1,2023-11-08 23:29:16
47188000,0.1271,1,2023-11-08 23:29:16
47189000,0.0003,1,2023-11-08 23:29:16
47174000,0.2964,0,2023-11-08 23:29:20
47173000,0.0234,0,2023-11-08 23:29:20
47172000,0.0007,0,2023-11-08 23:29:20
47171000,0.7722,0,2023-11-08 23:29:20
47170000,0.0037,0,2023-11-08 23:29:20
47178000,0.0396,1,2023-11-08 23:29:20
47182000,0.0886,1,2023-11-08 23:29:20
47183000,0.0031,1,2023-11-08 23:29:20
47184000,0.0905,1,2023-11-08 23:29:20
47185000,0.0561,1,2023-11-08 23:29:20
47174000,0.1541,0,2023-11-08 23:29:24
47173000,0.0234,0,2023-11-08 23:29:24
47172000,0.0007,0,2023-11-08 23:29:24
47171000,0.7722,0,2023-11-08 23:29:24
47170000,0.0037,0,2023-11-08 23:29:24
47178000,0.0396,1,2023-11-08 23:29:24
47179000,0.086,1,2023-11-08 23:29:24
47182000,0.0886,1,2023-11-08 23:29:24
47183000,0.0031,1,2023-11-08 23:29:24
47184000,0.0905,1,2023-11-08 23:29:24
47174000,0.0486,0,2023-11-08 23:29:28
47173000,0.0234,0,2023-11-08 23:29:28
47172000,0.0007,0,2023-11-08 23:29:28
47171000,0.7722,0,2023-11-08 23:29:28
47170000,0.0037,0,2023-11-08 23:29:28
47179000,0.0756,1,2023-11-08 23:29:28
47181000,0.0346,1,2023-11-08 23:29:28
47182000,0.0886,1,2023-11-08 23:29:28
47183000,0.0031,1,2023-11-08 23:29:28
47184000,0.0056,1,2023-11-08 23:29:28
47174000,0.0322,0,2023-11-08 23:29:32
47173000,0.0235,0,2023-11-08 23:29:32
47172000,0.0007,0,2023-11-08 23:29:32
47171000,0.0005,0,2023-11-08 23:29:32
47170000,0.0037,0,2023-11-08 23:29:32
47180000,0.0345,1,2023-11-08 23:29:32
47181000,0.005,1,2023-11-08 23:29:32
47182000,0.0886,1,2023-11-08 23:29:32
47183000,0.0031,1,2023-11-08 23:29:32
47184000,0.0056,1,2023-11-08 23:29:32
47174000,0.0177,0,2023-11-08 23:29:35
47173000,0.0235,0,2023-11-08 23:29:35
47172000,0.0007,0,2023-11-08 23:29:35
47171000,0.0006,0,2023-11-08 23:29:35
47170000,0.0041,0,2023-11-08 23:29:35
47175000,0.0051,1,2023-11-08 23:29:35
47177000,0.0001,1,2023-11-08 23:29:35
47178000,0.0001,1,2023-11-08 23:29:35
47181000,0.0345,1,2023-11-08 23:29:35
47182000,0.0886,1,2023-11-08 23:29:35
47174000,0.0013,0,2023-11-08 23:29:39
47173000,0.0235,0,2023-11-08 23:29:39
47172000,0.0007,0,2023-11-08 23:29:39
47171000,0.0006,0,2023-11-08 23:29:39
47170000,0.0041,0,2023-11-08 23:29:39
47175000,0.0051,1,2023-11-08 23:29:39
47177000,0.0001,1,2023-11-08 23:29:39
47178000,0.0001,1,2023-11-08 23:29:39
47180000,0.0377,1,2023-11-08 23:29:39
47181000,0.0133,1,2023-11-08 23:29:39
47174000,0.0013,0,2023-11-08 23:29:43
47173000,0.0235,0,2023-11-08 23:29:43
47172000,0.0007,0,2023-11-08 23:29:43
47171000,0.0006,0,2023-11-08 23:29:43
47170000,0.0041,0,2023-11-08 23:29:43
47175000,0.0051,1,2023-11-08 23:29:43
47177000,0.0001,1,2023-11-08 23:29:43
47178000,0.0001,1,2023-11-08 23:29:43
47180000,0.0377,1,2023-11-08 23:29:43
47181000,0.0133,1,2023-11-08 23:29:43
47175000,0.0005,0,2023-11-08 23:29:47
47174000,0.0013,0,2023-11-08 23:29:47
47173000,0.0235,0,2023-11-08 23:29:47
47172000,0.0007,0,2023-11-08 23:29:47
47171000,0.0006,0,2023-11-08 23:29:47
47177000,0.0001,1,2023-11-08 23:29:47
47178000,0.0001,1,2023-11-08 23:29:47
47180000,0.0377,1,2023-11-08 23:29:47
47181000,0.0133,1,2023-11-08 23:29:47
47182000,0.0887,1,2023-11-08 23:29:47
47169000,0.0002,0,2023-11-08 23:29:51
47168000,0.0208,0,2023-11-08 23:29:51
47167000,0.0004,0,2023-11-08 23:29:51
47166000,0.0011,0,2023-11-08 23:29:51
47165000,0.001,0,2023-11-08 23:29:51
47172000,0.0158,1,2023-11-08 23:29:51
47175000,0.0344,1,2023-11-08 23:29:51
47176000,0.0851,1,2023-11-08 23:29:51
47177000,0.0031,1,2023-11-08 23:29:51
47178000,0.0001,1,2023-11-08 23:29:51
47168000,0.0012,0,2023-11-08 23:29:55
47167000,0.0004,0,2023-11-08 23:29:55
47166000,0.0011,0,2023-11-08 23:29:55
47165000,0.001,0,2023-11-08 23:29:55
47164000,0.0001,0,2023-11-08 23:29:55
47171000,0.0344,1,2023-11-08 23:29:55
47172000,0.0158,1,2023-11-08 23:29:55
